2195 2938
1148 220 1194 251 IV

323 328 358 357 δν
383 338 482 367 quam
508 335 629 358 vocant
648 326 764 357 Attica
791 326 887 356 huius
910 335 1029 356 versus
1054 325 1193 355 bonitati
1220 325 1393 365 provisum
1413 336 1496 355 esse.
1538 324 1680 354 Accedit
1699 325 1791 363 quod
1810 324 2018 355 Athenarum

322 390 352 419 in
377 390 441 420 hoc
461 400 595 419 conexu
614 388 892 418 commemoratio
919 399 994 418 num
1013 387 1143 417 admitti
1169 388 1256 417 forte
1281 394 1312 416 et
1339 386 1502 426 explicari
1521 397 1564 416 ex
1590 394 1681 416 certa
1699 386 1834 416 fabulae
1859 387 2020 416 sententia

323 459 440 491 posset
459 462 625 490 quaerere
644 450 844 481 distulerunt
871 460 985 480 omnes
1011 457 1043 479 et
1068 449 1156 479 adeo
1182 449 1338 489 negando
1361 448 1490 478 sortiter
1515 459 1609 478 more
1634 448 1830 478 abominato
1856 448 2021 478 conficere

323 523 385 543 non
410 513 577 543 intellecta
603 512 803 543 maluerunt.
845 510 930 542 ‘Non
955 511 1065 552 nego',
1089 511 1193 550 inquit
1215 510 1382 550 Bergkius
1408 508 1511 540 PLG⁴
1537 510 1576 539 III
1602 520 1634 549 p.
1662 505 1789 548 19.‘ita
1814 507 2020 549 (21:miram-r)

323 575 483 615 scriptum
509 575 611 605 fuisse
636 575 665 604 in
691 585 778 610 arca,
806 585 1012 614 quamquam
1036 571 1212 604 Ἀθάναθεν
1240 573 1383 602 fortasse.
1408 572 1512 611 ipsius
1541 571 1726 601 Pausaniae
1752 570 1805 601 vel
1828 571 1898 601 eius
1923 570 2021 600 libra-

323 637 447 667 riorum
473 647 567 667 error
592 645 651 673 est,
678 644 711 666 at
737 644 841 676 poeta
865 636 1046 676 scripserat

816 715 997 754 Τυνδαρίδα
1021 711 1150 745 Ἑλέναν
1176 715 1316 754 φέρετον,
1342 713 1466 754 Αἴθραν
1490 713 1515 744 δ’
1540 713 1725 754 Ἀφίδναῧεν

324 797 412 826 quae
444 786 567 816 artifex
599 786 717 816 addito
749 786 856 816 verbo
889 783 1012 816 ἕλκετον
1051 785 1292 824 interpolavit'.
1348 785 1485 825 Bergk-ii
1521 785 1695 815 audaciam
1726 796 1769 815 ex
1806 796 1875 825 quo
1909 794 2022 816 aucto-

324 848 422 878 ritate
447 859 506 878 sua
525 848 697 877 Robertus
722 848 849 878 adiuvit
869 855 900 877 et
926 848 1011 877 dixit
1038 858 1143 887 nuper
1161 847 1289 883 (Herm.
1320 848 1399 877 1888
1422 858 1455 886 p.
1480 846 1558 887 436)
1576 846 1667 877 nullo
1693 847 1794 877 modo
1814 847 2023 878 Athenarum

325 920 443 940 nomen
468 910 498 940 in
524 917 591 940 tam
618 917 754 940 vetusto
780 917 996 939 monumento
1022 909 1313 949 Peloponnesiaco
1338 919 1441 948 posse
1466 908 1617 939 tolerari:
1645 916 1716 938 tota
1746 909 1788 938 de
1818 909 1880 938 hac
1909 909 2023 940 fabula

326 972 463 1002 materia
482 972 593 1001 denuo
612 980 682 1001 erat
701 971 976 1012 pervestiganda.
1017 971 1117 1002 Unde
1135 982 1223 1010 quae
1248 971 1437 1001 necessaria
1454 971 1632 1001 videantur
1650 971 1759 1001 omnia
1786 971 2023 1002 delibabimus:

325 1033 497 1073 copiosius
522 1033 608 1063 enim
627 1044 727 1072 quam
746 1043 833 1072 opus
851 1043 912 1072 per
929 1043 966 1063 se
984 1041 1073 1063 esset
1091 1033 1121 1062 in
1140 1044 1175 1062 re
1192 1044 1245 1063 me
1263 1033 1372 1063 iudice
1398 1033 1571 1063 manifesta
1590 1033 1653 1063 iam
1678 1033 1775 1063 nobis
1793 1033 2024 1063 disserendum

325 1106 400 1125 esse
424 1095 550 1125 reiecta
576 1095 718 1134 primum
745 1103 780 1125 ut
806 1106 867 1134 par
893 1103 941 1125 est
968 1095 1105 1135 Bergkii
1130 1095 1323 1134 opinatione
1348 1095 1583 1135 intellegimus.
1632 1095 1715 1124 Nam
1741 1105 1816 1125 cum
1839 1093 2026 1133 Ἆᾳίδναθεν

325 1157 407 1187 11111(1
432 1157 628 1198 ambiguum
654 1157 695 1187 sit
724 1157 767 1187 ad
800 1157 949 1187 Atticam
980 1168 1020 1187 an
1052 1157 1096 1187 ad
1122 1156 1324 1187 Laconicam
1350 1156 1467 1186 urbem
1500 1164 1641 1196 spectet,
1672 1165 1814 1196 propter
1838 1157 2025 1187 Dioscuros

328 1228 359 1250 et
386 1219 549 1249 Helenam
574 1219 762 1259 Spartanos
794 1219 837 1249 de
870 1219 954 1249 urbe
986 1219 1152 1249 Laconica
1185 1218 1338 1259 cogitans
1364 1228 1487 1248 novam
1514 1218 1686 1248 Robertus
1711 1226 1743 1248 et
1768 1218 1949 1249 inauditam
1974 1229 2026 1249 ne-

326 1293 392 1321 que
419 1281 488 1311 ullo
514 1281 645 1311 nomine
670 1280 884 1320 probabilem
911 1280 1046 1311 fabulae
1071 1280 1261 1311 versionem
1287 1280 1329 1310 (le
1354 1290 1416 1310 suo
1442 1280 1515 1319 ipse
1538 1280 1741 1319 procreavit.
1790 1280 1971 1311 Exstitisse
1995 1280 2024 1310 in

327 1343 475 1373 Laconia
500 1343 696 1382 Aphidnam
722 1342 1011 1382 Leucippidarum
1037 1342 1181 1382 patriam
1205 1342 1400 1382 Stephanus
1425 1342 1606 1382 Byzantius
1632 1352 1656 1372 s.
1683 1353 1714 1372 v.
1737 1350 1889 1376 testatur,
1916 1350 2026 1372 tamen

329 1416 404 1435 num
432 1405 610 1435 coniuncta
635 1404 719 1434 haec
745 1404 825 1434 urbs
851 1415 925 1434 cum
952 1404 1081 1434 Helena
1106 1404 1176 1434 ullo
1202 1403 1336 1434 vinculo
1363 1404 1460 1433 suerit
1492 1414 1633 1443 prorsus
1658 1403 1815 1433 celamur.
1868 1403 1932 1433 Vel
1962 1403 2026 1433 hoc

329 1475 498 1497 momento
523 1477 633 1497 novae
659 1466 794 1496 fabulae
820 1466 1039 1496 diffidendum
1065 1475 1125 1496 est.
1173 1466 1402 1506 Adiungimus
1427 1465 1579 1495 alterum.
1631 1465 1814 1506 Fingamus
1843 1476 2027 1505 parumper

327 1529 403 1568 (etsi
429 1528 520 1558 nullo
545 1528 737 1558 testimonio
754 1528 923 1558 stabilitur
941 1539 1000 1558 nec
1019 1528 1273 1558 commendatur
1298 1538 1317 1558 a
1334 1527 1590 1567 probabilitate)
1616 1527 1646 1557 in
1671 1527 1843 1568 regionem
1862 1527 2027 1567 Pelopon-

328 1591 494 1620 nesiacam
513 1589 676 1620 Helenam
704 1600 778 1620 esse
796 1597 944 1629 raptam:
971 1590 1046 1629 quis
1064 1590 1230 1630 rapuisset
1256 1589 1315 1619 nisi
1333 1589 1498 1625 Theseus,
1525 1597 1555 1619 et
1575 1599 1643 1629 quo
1669 1589 1727 1619 nisi
1748 1589 1778 1619 in
1803 1600 1897 1619 suam
1915 1600 2027 1619 arcem

329 1651 516 1692 rapuisset?
543 1652 659 1691 Itaque
677 1651 832 1682 Theseus
858 1651 928 1691 (qui
955 1652 1090 1682 Atticus
1115 1660 1165 1682 est
1192 1651 1245 1682 vel
1272 1650 1493 1689 Troezenius)
1518 1651 1701 1690 Aphidnae
1730 1651 1906 1692 fingendus
1938 1659 2027 1681 esset

328 1714 357 1743 in
383 1714 456 1753 ipsa
481 1713 627 1743 hostium
653 1721 742 1743 terra
767 1714 882 1743 sedem
908 1713 1121 1744 conlocasse!
1157 1714 1253 1744 Serio
1278 1725 1348 1743 rem
1374 1713 1602 1743 incredibilem
1629 1721 1659 1743 et
1686 1713 1832 1753 ineptam
1862 1713 1936 1752 quis
1961 1724 2027 1743 arn-

329 1776 417 1815 plius
443 1775 805 1815 tutabiturJDenique
830 1786 894 1805 non
920 1776 1023 1805 modo
1050 1776 1205 1806 Theseus
1230 1787 1347 1806 verum
1373 1775 1427 1805 vel
1453 1774 1585 1805 Aethra
1609 1775 1638 1805 in
1661 1775 1801 1805 eandem
1826 1775 2027 1805 Laconicam

330 1838 448 1867 urbem
482 1837 564 1877 ipsis
598 1838 662 1867 iam
688 1838 772 1867 tituli
806 1838 920 1867 verbis
945 1837 1165 1878 relegaretur,
1192 1849 1293 1877 quam
1323 1846 1355 1868 et
1380 1837 1598 1867 Troezeniam
1629 1837 1761 1867 natione
1790 1837 1891 1867 fuisse
1921 1845 1952 1867 et
1983 1848 2027 1867 ex

329 1899 444 1929 Attica
470 1910 489 1929 a
514 1899 688 1930 Dioscuris
714 1910 787 1929 cum
811 1899 942 1929 Helena
967 1900 1125 1939 Spartam
1151 1901 1331 1930 deductam
1357 1901 1426 1929 fere
1451 1900 1672 1933 consentiunt:
1700 1910 1783 1929 unus
1809 1899 2027 1938 excipiendus

329 1961 504 2001 Apollonii
529 1961 712 1992 scholiasta
737 1962 794 2001 (ad
821 1962 829 1991 l
861 1962 944 2001 100),
972 1962 1027 2002 qui
1053 1962 1170 1992 Attico
1197 1962 1345 1992 Helenae
1370 1961 1513 1992 latibulo
1538 1962 1745 1991 Troezenem
1771 1961 1956 1991 substituit:

543 2030 788 2070 ἐπεστράτευσαν
812 2030 847 2061 δὲ
876 2031 952 2062 κατὰ
976 2032 1028 2074 τῆς
1058 2033 1230 2074 Τροιζῆνος
1266 2033 1295 2063 οἴ
1323 2031 1514 2071 Διόσκουροι
1550 2030 1600 2062 δια
1636 2030 1692 2074 τήν
1728 2030 1869 2073 ἀδελφὴν
1899 2032 2027 2072 Θησέως

541 2090 628 2128 ὄντος
652 2092 812 2124 ἐν”,4ιδου
834 2092 885 2124 καὶ
911 2093 1129 2136 πορθήσαντες
1154 2092 1268 2134 ἔλαβον
1292 2093 1493 2133 αἰχμάλωτον
1516 2093 1640 2133 Αἴθραν
1664 2092 1719 2136 τὴν
1744 2095 1872 2135 Θησέως
1896 2095 2024 2136 μητέρα.

332 2165 402 2195 Nos
427 2165 653 2195 coniecturam
672 2176 738 2205 qua
764 2174 876 2196 tantae
902 2174 1082 2196 nascuntur
1106 2166 1331 2199 difficultates.
1351 2166 1479 2196 etiamsi
1505 2177 1604 2196 unum
1623 2165 1761 2205 aliquod
1786 2165 1903 2195 vitium
1920 2176 2028 2195 emen-

331 2227 478 2263 daretur,
505 2228 748 2267 repudiandam
775 2238 998 2258 censeremus.
1047 2229 1120 2270 Jam
1145 2239 1228 2259 vero
1254 2228 1358 2258 ullum
1381 2228 1537 2257 mendum
1562 2227 1635 2257 tolli
1657 2228 1830 2267 praefacte
1854 2237 2026 2268 negamus,

331 2289 488 2328 quoniam
514 2289 625 2319 vitiosi
651 2290 733 2328 quid
759 2290 895 2319 tandem
921 2291 950 2320 in
976 2301 1012 2320 re
1037 2291 1112 2330 ipsa
1137 2290 1278 2320 insideat
1303 2290 1408 2319 frusta
1434 2290 1654 2329 dispeximus.
1703 2290 1849 2328 Raptam
1879 2288 2027 2328 puellam

332 2350 475 2381 Athenis
500 2361 561 2381 sua
585 2351 615 2381 in
641 2352 723 2381 urbe
748 2352 840 2391 apud
866 2360 1007 2382 matrem
1033 2352 1222 2382 occuluisse
1247 2352 1427 2386 Theseum,
1454 2351 1597 2381 Athenis
1620 2351 1825 2392 expugnatis
1850 2350 2027 2380 reduxisse

331 2412 450 2442 fratres
475 2412 571 2442 simul
597 2424 670 2443 cum
690 2413 820 2444 Aethra
846 2414 991 2453 captiva,
1018 2414 1099 2453 quid
1124 2414 1188 2444 hoc
1213 2414 1267 2444 vel
1293 2414 1364 2443 miri
1389 2414 1493 2443 habet
1516 2413 1571 2444 vel
1596 2414 1683 2443 adeo
1702 2412 1869 2452 perversi?
1895 2412 2028 2442 Dixerit

332 2484 406 2503 cum
432 2474 585 2504 Roberto
610 2475 656 2514 (p.
682 2476 759 2514 438)
786 2475 963 2515 quispiam,
990 2475 1022 2505 id
1047 2476 1156 2515 ipsum
1175 2487 1249 2506 esse
1274 2477 1472 2506 mendosum
1490 2476 1583 2515 quod
1608 2475 1638 2505 in
1657 2474 1919 2514 Cypselidarum
1944 2474 2027 2504 cista

333 2535 447 2565 sabula
472 2536 601 2576 origine
619 2536 734 2566 Attica
753 2537 889 2576 depicta
907 2545 1005 2567 esset.
1048 2538 1158 2575 Quem
1184 2538 1333 2567 breviter
1356 2538 1652 2577 interrogaremus,
1679 2537 1766 2566 unde
1780 2536 1914 2566 tandem
1939 2547 2027 2567 com-

333 2604 465 2636 pertum
490 2606 578 2628 esset
604 2598 754 2628 Atticam
788 2599 890 2629 fuisse
925 2607 957 2629 et
987 2609 1051 2629 non
1082 2599 1284 2629 Laconicam
1318 2599 1402 2628 hanc
1435 2598 1571 2628 fabulae
1605 2597 1916 2628 conformationem.
1971 2598 2027 2628 An

334 2659 419 2689 male
446 2668 476 2690 et
495 2671 569 2690 cum
594 2671 653 2690 sua
671 2660 852 2701 ignominia
877 2660 1010 2700 septimi
1028 2660 1152 2691 saeculi
1178 2660 1437 2691 Lacedaemonii
1455 2668 1592 2700 captum
1617 2671 1636 2690 a
1658 2660 1831 2690 Dioscuris
1852 2659 2027 2699 Spartanis
