2195 2938
931 205 991 235 VII

116 309 270 339 Athenas
288 309 383 346 dixit,
409 317 442 339 ut
469 316 579 339 tamen
604 320 644 339 ne
670 309 852 349 Aphidnae
878 310 1012 349 quidem
1039 318 1260 351 expugnatae
1285 311 1478 341 memoriam
1509 312 1692 342 omitteret:
1726 323 1811 353 ergo

116 371 269 402 diversas
294 371 419 401 formas
446 370 581 401 fabulae
606 381 691 410 quas
719 371 872 401 novimus
898 371 1139 402 contaminavit
1151 370 1184 411 ¹).

275 433 414 463 PfflnNus
441 443 503 462 rex
521 432 704 472 Aphidnae
723 432 751 462 in
769 433 901 463 scholio
920 433 1103 463 Homerico
1121 434 1224 463 modo
1251 434 1411 473 adposito
1437 434 1463 463 is
1488 442 1537 464 est
1563 434 1619 474 qui
1637 434 1811 465 Castorem

118 495 256 525 vulnere
281 494 402 524 affecit.
452 494 556 524 Recte
581 494 665 524 enim
693 495 812 525 Φίδιόυ
838 506 881 524 ex
907 495 1083 525 codicibus
1108 495 1177 525 AM
1204 495 1333 525 restitui
1363 496 1406 525 ab
1441 495 1627 526 editoribus
1660 504 1810 535 spretum

117 566 177 586 nec
201 556 316 587 curavi
342 555 501 586 Aldinam
526 555 818 595 interpolationem
844 556 994 595 Ἀφίδνου.
1030 556 1206 596 Exemplis
1231 567 1250 586 a
1275 568 1327 587 me
1346 557 1458 587 Herm.
1490 558 1570 587 1888
1595 568 1628 597 Ι).
1646 558 1708 597 613
1736 568 1810 597 sqq.

115 617 276 648 conlectis
303 618 388 648 bene
413 618 534 648 accidit
560 618 653 657 quod
679 617 864 658 adiungere
898 628 982 647 nunc
1016 627 1047 648 et
1073 618 1225 649 Atticum
1251 619 1337 649 hunc
1371 629 1578 659 eponymum
1612 630 1752 659 possum
1778 628 1810 650 et

115 678 180 709 alia
205 689 270 709 non
295 679 431 709 inutilia.
480 679 597 709 Pteras
622 679 665 708 ab
692 678 876 718 Apteraeis
910 679 1145 710 denominatur
1170 680 1281 719 (Paus.
1307 680 1342 709 X
1368 691 1396 720 5,
1426 680 1488 721 10),
1516 681 1631 720 Lycus
1656 681 1811 711 Isthmius

117 740 146 770 ni
172 739 271 770 fallor
295 740 382 770 idem
408 748 510 780 atque
534 739 669 780 Alycus
693 740 902 781 Megarensis
928 740 1026 780 (Plut.
1054 741 1156 772 Thes.
1176 741 1240 781 32),
1267 739 1544 778 Παισός-Ἀπαισός
1569 742 1701 782 (Steph.
1727 753 1751 773 s.
1778 754 1809 773 v.

114 800 190 842 Ἂπ.)
225 799 566 841 Θύμβρος-’Ἀθυμβρος
602 802 668 842 (Et.
694 802 737 832 M.
772 813 798 832 s.
832 813 864 832 v.
885 798 1007 843 ’Ἁκαρα)
1042 802 1343 834 Κιδαλία-Ἀκιδαλία
1376 803 1430 843 (cf.
1456 803 1592 845 Bergkii
1630 813 1742 835 notam
1767 805 1810 834 ad

115 863 248 894 Pindari
278 864 315 893 fr.
343 862 419 904 244)
453 859 697 903 Τάρνα-’Άταριά
727 863 860 903 (Steph.
886 874 911 893 s.
938 875 969 895 v,
994 863 1147 905 Ἀπαισός)
1177 864 1535 904 Μαζαῖον-Ἀμαζόνειον
1564 866 1696 906 (Steph.
1722 877 1746 896 s.
1774 877 1804 897 v.

112 925 198 966 Ἆμ.).
247 925 327 956 Alia
351 925 455 955 multa
480 926 510 955 in
533 925 709 965 praeclara
734 926 777 956 de
802 926 970 966 prosthesi
997 934 1028 957 et
1053 926 1230 966 aphaeresi
1256 927 1536 957 commentatione
1569 927 1809 969 (Pathologiae

117 988 239 1018 Graeci
254 987 416 1018 sermonis
431 987 526 1017 elem.
546 987 558 1016 I
577 998 609 1027 p.
628 998 638 1016 1
658 987 747 1027 sqq.)
763 987 959 1018 Lobeckius
977 989 1160 1029 congessit.
1188 988 1221 1018 A
1236 989 1403 1019 concessis
1418 989 1519 1029 igitur
1533 990 1575 1019 ad
1591 1000 1679 1020 nova
1693 1000 1810 1030 proce-

116 1050 233 1080 dentes
256 1050 404 1080 breviter
423 1049 565 1089 primum
584 1050 626 1079 de
644 1049 781 1079 CANTHO
801 1050 950 1080 dicemus
968 1051 1011 1080 ad
1030 1050 1162 1080 Atticas
1181 1050 1313 1080 fabulas
1332 1051 1443 1080 statim
1458 1051 1606 1081 redituri.
1644 1051 1810 1082 Canthum

115 1111 344 1151 Apolloniusl
359 1121 394 1152 77
409 1119 441 1141 et
456 1111 540 1141 Cleo
552 1111 721 1142 Curiensis
734 1122 753 1142 a
767 1111 949 1142 scholiasta
961 1112 1153 1152 exscriptus
1165 1113 1194 1142 in
1206 1112 1485 1153 Argonautarum
1497 1113 1603 1143 indice
1617 1122 1809 1144 enumerant

116 1172 256 1203 Canethi
282 1173 497 1203 Abantiadae
522 1173 624 1203 filiurn
651 1172 810 1203 Cerintho
836 1174 999 1204 Euboeae
1023 1174 1213 1204 oriundum.
1260 1174 1370 1204 Etiam
1395 1174 1493 1204 Abas
1518 1185 1612 1212 avus,
1639 1173 1693 1214 ἀφ’
1717 1167 1755 1205 οὗ
1780 1176 1809 1205 οἱ

116 1233 262 1275 Εὔβοιεῖς
281 1231 419 1274 Ἄβαντες
444 1243 598 1266 monente
622 1235 762 1272 scholio,
789 1244 821 1266 et
848 1246 942 1266 mons
967 1246 1077 1275 prope
1103 1235 1298 1266 Chalcidem
1324 1235 1495 1266 Canethus
1519 1236 1646 1277 (Strab.
1672 1236 1707 1267 X
1732 1236 1809 1278 447)

116 1297 293 1327 Euboeam
319 1297 463 1337 patriam
487 1297 641 1327 indicant.
690 1297 736 1328 At
755 1297 932 1328 Acanthus
957 1298 1037 1328 urbs
1062 1298 1092 1327 in
1118 1297 1312 1328 Chalcidica
1337 1298 1532 1338 paeninsula
1557 1299 1620 1329 sita
1645 1307 1708 1336 est;
1735 1299 1810 1329 inde

115 1358 294 1389 Acanthus
328 1359 420 1389 urbis
450 1369 643 1399 eponymus
677 1360 877 1400 desumptus
912 1359 1090 1400 (Stephan.
1125 1360 1203 1400 Byz.
1239 1371 1264 1390 s.
1290 1360 1347 1399 κη),
1393 1361 1445 1390 cui
1480 1361 1602 1391 nomini
1637 1372 1681 1391 ex
1715 1371 1809 1391 more

116 1420 294 1450 decurtato
328 1419 478 1451 Canthus
512 1421 707 1460 respondet.
765 1422 859 1462 Ergo
893 1429 1057 1452 consueto
1091 1421 1299 1452 coloniarum
1333 1422 1446 1452 studio
1473 1422 1622 1453 Canthus
1657 1434 1732 1453 cum
1766 1424 1808 1453 ad

116 1482 343 1512 Chalcidicam
368 1483 559 1522 pertineret,
586 1494 631 1513 ex
655 1483 730 1523 ipsa
755 1483 936 1523 metropoli
961 1484 1135 1515 derivatus
1166 1492 1226 1514 est.
1275 1484 1419 1514 Patriam
1455 1485 1539 1515 enim
1563 1485 1808 1516 Acanthiorum

116 1544 302 1580 Euboeam,
329 1544 390 1574 etsi
420 1544 575 1574 Andrum
600 1544 742 1575 insulam
777 1544 904 1575 Strabo
929 1546 976 1586 (p.
1002 1556 1066 1586 330
1091 1547 1128 1576 fr.
1155 1546 1210 1587 31)
1235 1546 1330 1583 dixit,
1366 1555 1459 1577 certo
1494 1547 1714 1584 censebimus,
1745 1557 1808 1577 non

115 1606 209 1646 quod
233 1605 372 1636 Andrus
405 1606 448 1636 ab
482 1606 728 1637 Eretriensibus
753 1607 917 1637 Euboeae
942 1618 1003 1647 per
1027 1608 1166 1648 aliquod
1199 1617 1333 1649 tempus
1364 1609 1596 1648 possideretur
1621 1608 1748 1648 (Strab.
1774 1609 1809 1639 X

116 1678 148 1707 p.
174 1667 267 1707 448),
292 1668 353 1698 sed
387 1668 480 1707 quod
505 1669 548 1698 de
572 1668 702 1709 origine
727 1677 757 1698 et
784 1669 925 1709 imperio
950 1670 1068 1700 harum
1093 1670 1300 1700 coloniarum
1326 1671 1551 1701 coniecturam
1577 1670 1630 1701 vel
1649 1682 1693 1701 ex
1711 1670 1809 1701 Chal-

115 1730 242 1760 cidicae
266 1730 398 1760 nomine
422 1741 545 1770 capere
570 1730 658 1760 licet.
709 1731 751 1761 Et
777 1732 868 1771 quod
900 1731 963 1762 hac
988 1733 1042 1762 via
1067 1733 1145 1763 novi
1171 1733 1353 1770 effecimus,
1380 1732 1545 1763 Canthum
1572 1733 1808 1774 Argonautam

115 1802 190 1821 esse
214 1791 469 1828 Acanthiorum,
503 1793 546 1822 ad
572 1793 822 1832 pernoscendas
855 1793 1014 1824 historiae
1038 1794 1296 1835 Argonauticae
1321 1805 1440 1824 causas
1465 1803 1668 1825 momentum
1698 1795 1807 1825 saciet.

117 1852 193 1890 Qua
218 1853 335 1883 notitia
360 1861 495 1883 utantur
520 1854 575 1893 qui
600 1854 734 1884 tandem
760 1854 942 1893 aliquando
964 1855 1049 1886 hanc
1073 1856 1242 1886 desertam
1264 1864 1295 1886 et
1318 1866 1337 1886 a
1355 1856 1543 1886 novissimis
1560 1856 1695 1886 fabulae
1712 1856 1808 1887 inter-

116 1915 268 1954 pretibus
299 1915 387 1945 adeo
419 1923 586 1945 vastatam
612 1916 819 1955 provinciam
846 1916 1019 1947 coluerint.
1067 1916 1194 1947 Similia
1225 1917 1338 1947 Herm.
1374 1918 1454 1947 1888
1484 1928 1516 1957 p.
1542 1919 1600 1947 621
1631 1919 1806 1958 proposui.

274 1977 471 2007 Transimus
505 1978 548 2007 ad
577 1977 821 2008 ATHAMANTEM.
870 1978 1036 2009 Athamas
1070 1990 1090 2009 a
1124 1979 1370 2009 Choerobosco
1402 1979 1539 2019 (Dictat.
1566 1980 1596 2009 in
1620 1980 1807 2010 Theodosii

117 2038 272 2069 Canones
297 2039 309 2069 Ι
335 2050 366 2079 p.
394 2050 443 2080 37,
471 2049 512 2069 20
537 2039 657 2079 Gaisf.)
684 2038 806 2079 Θάμας,
834 2039 970 2082 Τάμμης
995 2041 1110 2082 Jonice
1135 2052 1153 2071 a
1172 2041 1381 2071 Callimacho
1405 2041 1457 2081 (fr.
1483 2041 1661 2072 Aetiorum
1688 2050 1745 2072 21a
1766 2055 1807 2066 ἶ

116 2101 220 2131 schol.
246 2101 329 2131 Ven.
354 2101 388 2131 A
422 2102 465 2132 ad
490 2101 530 2143 Jl.
557 2102 568 2131 I
607 2102 679 2142 193)
716 2103 835 2133 (licitur
868 2103 1037 2143 geminata
1071 2113 1219 2133 consona
1252 2103 1372 2139 media,
1398 2111 1433 2133 ut
1460 2104 1580 2144 Τέννης
1604 2114 1647 2133 ex
1675 2104 1808 2138 Τένεδος

116 2162 234 2203 (schol.
262 2163 355 2192 ABT
381 2164 423 2193 ad
449 2163 488 2204 Jl.
514 2163 547 2193 A
572 2164 637 2203 38),
664 2175 708 2194 ex
734 2165 848 2194 formis
874 2164 1082 2204 plenioribus
1105 2165 1241 2199 Σθέννις
1266 2165 1483 2201 contrahitur,
1509 2165 1588 2201 alia;
1614 2175 1689 2195 cum
1718 2165 1806 2195 tenui

117 2234 181 2264 pro
206 2225 354 2264 aspirata
378 2225 545 2264 incipienti
571 2226 749 2265 supposita
773 2226 984 2256 conferantur
1009 2223 1388 2265 chvomfig-‹Davomjg‘JJ
1414 2237 1458 2256 ex
1475 2226 1645 2257 Strabone
1670 2226 1718 2256 IX
1743 2237 1805 2266 423

117 2293 148 2315 et
167 2285 342 2326 Stephano
368 2297 392 2316 s.
419 2297 449 2316 v.
476 2287 553 2316 noti.
574 2286 679 2327 Apud
698 2288 809 2328 Jones,
836 2287 927 2318 velut
945 2287 1059 2323 Teios,
1086 2287 1186 2317 etiam
1200 2287 1367 2317 Athamas
1393 2298 1432 2317 ea
1450 2288 1492 2317 (le
1510 2298 1612 2318 causa
1630 2288 1805 2328 reperitur,

275 2382 294 2413 ι)
317 2384 507 2407 Contaminavit
530 2384 635 2407 diversa
656 2384 806 2408 Plutarchus
826 2393 932 2415 quoquc
952 2386 1031 2408 Thes.
1054 2392 1094 2414 32.

275 2426 295 2457 ¹2)
317 2428 342 2450 In
363 2428 401 2450 his
422 2428 550 2458 exemplis
572 2428 612 2450 vel
633 2434 722 2451 tenues
742 2437 759 2452 71
780 2434 803 2451 et
824 2438 834 2452 τ
854 2435 1038 2459 permutantur,
1059 2435 1083 2451 ut
1105 2429 1129 2451 in
1152 2427 1271 2454 Πενθεύς
1288 2434 1312 2451 et
1336 2428 1450 2453 ΤενιἾειῑς
1467 2430 1551 2459 (Phot.
1571 2437 1591 2452 s.
1607 2430 1642 2459 v.)
1669 2424 1765 2455 Κάλως
1783 2435 1807 2452 et

121 2469 211 2496 Τάλως
229 2472 346 2501 (Pausan.
365 2472 372 2494 1
396 2474 452 2498 21,(1
474 2471 599 2502 Apollod.
622 2473 654 2495 111
677 2477 743 2502 15,o)
766 2473 867 2496 Καλιιὴε
888 2479 912 2495 et
936 2472 1038 2497 Ταλαός
1057 2473 1148 2503 (schol.
1161 2473 1228 2495 Oed.
1251 2473 1306 2495 Col.
1332 2473 1415 2502 1320).
1436 2471 1540 2497 Σκῶλος
1558 2479 1582 2497 et
1601 2472 1702 2498 Σιῶλης
1716 2475 1810 2505 Πίγρης

117 2520 142 2538 et
163 2517 263 2548 Πίγρης
281 2516 377 2539 variari
393 2516 542 2539 Botackhius
564 2517 587 2538 in
608 2517 665 2539 Ath.
681 2517 746 2539 Oce.
768 2516 807 2539 11³
826 2525 850 2547 p.
873 2520 921 2546 485
943 2523 967 2540 et
989 2518 1037 2546 487
1053 2517 1277 2540 commemoravit.
1304 2517 1428 2539 Fortasse
1442 2517 1519 2540 etiam
1536 2518 1637 2549 Θέσιωρ
1659 2517 1806 2539 Calchantis

117 2564 192 2589 pater
217 2565 241 2582 et
264 2560 371 2583 Θέσπιης
391 2560 524 2590 Thespiae
551 2568 696 2590 cponymus
717 2561 891 2591 componendi
914 2561 956 2587 (cs.
979 2561 1064 2583 llerm.
1086 2561 1101 2583 l.
1123 2568 1143 2584 c.
1165 2568 1189 2591 p.
1216 2562 1277 2590 610)
1302 2566 1326 2583 et
1347 2561 1448 2583 Teleon
1470 2560 1690 2583 Eteobutadarum
1720 2561 1806 2590 gentis

117 2609 215 2632 auctor,
236 2603 268 2626 de
289 2611 340 2633 quo
361 2604 484 2627 incertum
506 2612 534 2626 st·
554 2603 672 2627 tlubitare
693 2604 756 2627 dixit
771 2605 930 2635 Toepffcrus
950 2605 1077 2632 (Attische
1102 2604 1268 2633 Genealogie
1288 2612 1313 2634 p.
1333 2606 1398 2633 112),
1418 2604 1495 2627 tribui
1517 2610 1634 2627 vetustae
1649 2604 1805 2627 Geleontum

117 2647 301 2677 adsignandus,
322 2653 346 2670 ut
367 2648 469 2678 Hoples
489 2655 595 2678 quoque
615 2648 742 2671 invenitur
762 2648 903 2678 Hopletum
924 2656 1069 2678 eponymns
1090 2648 1225 2678 (Aponon.
1249 2648 1279 2671 111
1304 2655 1341 2677 ¹5»
1362 2649 1396 2678 (1).
