2195 2938
946 202 966 236 9

112 313 183 344 hor.
210 313 254 344 IV
280 322 311 343 et
338 313 377 343 V.
403 331 445 334 --
470 312 509 352 ΙΙ)
535 311 693 342 Privatim
735 311 763 349 1)
789 311 1044 351 pharmaciae
1070 320 1222 351 partem
1248 311 1424 350 priorem
1444 319 1593 350 exponet
1612 312 1700 341 dieb.
1719 310 1800 342 Lun.

111 376 208 405 Mart.
234 376 334 405 Merc.
362 376 430 405 Iov.
457 375 527 405 hor.
556 374 609 410 III;
648 373 679 413 2)
705 373 895 403 chemiam
922 373 1166 413 analyticam
1193 373 1327 403 docebit
1354 373 1441 402 dieb.
1469 373 1550 403 Ven.
1578 382 1607 403 et
1634 374 1703 404 Sat.
1729 374 1800 403 hor.

112 438 168 471 111;
211 438 243 477 3)
273 437 416 477 praxin
446 437 658 466 chemicam
684 447 747 466 una
773 447 846 465 cum
873 436 1068 475 professore
1094 435 1271 464 Lnn’fflcrir
1297 434 1443 464 instituet
1469 434 1555 464 senis
1581 442 1611 464 et
1638 435 1802 464 duodenis

112 507 143 528 ct
170 499 302 528 tricenis
328 509 359 537 p.
386 498 416 527 h.
442 498 514 527 hor.
541 498 605 527 def.

611 629 671 659 Da.
709 628 751 658 A.
790 628 1149 664 GERSTAECKER,
1176 639 1202 658 P.
1228 639 1254 658 P.
1281 639 1310 658 o.

269 709 296 749 I)
322 708 459 739 Publice
494 708 793 749 entomologiae
829 708 962 748 capita
998 707 1151 738 selecta
1188 709 1345 739 tractabit
1381 709 1436 739 die
1472 709 1555 739 Ven.
1592 708 1664 738 hor.
1699 708 1735 738 II.
1761 726 1803 730 —

110 770 151 810 II)
177 771 334 801 Privatim
359 770 584 800 animalium
611 770 933 810 morphologiam
958 770 1188 810 generalem
1215 778 1251 800 et
1269 779 1542 810 comparatam
1560 770 1695 801 docebit
1714 771 1802 800 dieb.

111 832 193 863 Lun.
219 833 315 862 Mart.
342 832 443 862 Mcrc.
468 832 538 862 Iov.
563 832 635 861 hor.
662 832 698 862 II.

583 973 646 1002 Da.
683 972 756 1002 AL.
795 972 1170 1008 REIFFERSCHEID,
1196 983 1222 1002 P.
1249 984 1274 1003 P.
1302 984 1331 1003 o.

267 1052 293 1093 1)
319 1051 456 1082 Publice
496 1051 525 1091 1)
549 1052 581 1082 in
606 1052 898 1091 proseminario
916 1052 1145 1093 germanico
1162 1052 1623 1093 speciminalinguarum
1641 1053 1804 1094 goticae

111 1123 148 1145 et
184 1115 334 1145 veteris
368 1114 595 1144 theotiscae
628 1114 787 1144 tractabit
820 1114 873 1144 die
906 1114 1008 1144 Merc.
1043 1114 1115 1144 hor.
1151 1115 1180 1144 V
1206 1122 1238 1144 et
1264 1115 1322 1150 VI;
1361 1114 1393 1154 2)
1418 1114 1452 1144 in
1477 1115 1691 1145 seminario
1716 1126 1804 1155 ger-

110 1177 262 1207 manico
298 1184 334 1206 et
371 1186 524 1206 carmen
560 1175 876 1216 Nibelungorum
913 1184 950 1205 et
986 1175 1174 1206 Schilleri
1200 1176 1337 1206 drama
1362 1176 1423 1206 cui
1448 1176 1547 1206 Dom
1574 1176 1720 1207 Karlos
1746 1177 1804 1206 in-

109 1238 273 1278 scripsit
310 1237 584 1277 interpretabitur
620 1238 673 1267 die
709 1237 794 1268 Ven.
831 1237 903 1267 hor.
940 1237 971 1267 V
1007 1245 1039 1267 et
1076 1238 1131 1267 VI.
1167 1255 1211 1259 —-
1246 1237 1286 1277 ΙΙ)
1321 1238 1479 1267 Privatim
1508 1237 1538 1276 1)
1563 1238 1605 1268 de
1631 1238 1804 1268 carmine

110 1300 428 1341 Nibelungorum
465 1299 607 1329 disseret
644 1299 698 1328 die
734 1299 815 1329 Lun.
853 1299 925 1329 hor.
963 1298 1012 1328 XI
1050 1307 1081 1329 et
1118 1299 1196 1334 XII:
1247 1299 1278 1339 2)
1315 1299 1616 1340 grammaticam
1641 1299 1804 1340 linguae

110 1362 336 1392 theotiscae
368 1372 469 1401 quae
502 1361 573 1391 fuit
606 1361 697 1390 inde
726 1371 745 1390 a
771 1360 935 1390 Lutheri
961 1361 1212 1400 temporibus
1238 1361 1373 1391 docebit
1399 1369 1450 1391 ter
1476 1372 1507 1401 p.
1534 1362 1564 1391 h.
1591 1362 1679 1392 dieb.
1705 1362 1803 1392 Mart.

109 1424 179 1453 Iov.
207 1424 288 1454 Ven.
314 1423 386 1453 hor.
412 1423 470 1452 XI.

657 1520 718 1549 Da.
747 1520 783 1549 E.
810 1520 1098 1557 ROSCHWITZ,
1125 1531 1150 1550 P.
1178 1531 1203 1550 P.
1231 1531 1260 1551 o.

270 1599 296 1639 I)
322 1599 460 1630 Publice
484 1600 513 1629 in
539 1599 752 1629 seminario
778 1600 1015 1629 Romanensi
1041 1600 1362 1630 exercitationes
1388 1600 1533 1630 instituet
1560 1600 1613 1630 (lie
1635 1600 1704 1630 Sat.
1731 1600 1803 1630 hor.

111 1662 160 1692 XI
187 1670 217 1692 et
243 1661 318 1691 XII.
343 1680 385 1682 —
418 1661 458 1701 ΙΙ)
483 1661 641 1691 Privatim
673 1661 884 1691 historiam
916 1661 1142 1691 litterarum
1175 1660 1574 1701 Francogallicarum
1600 1672 1687 1691 saec.
1720 1661 1804 1692 XVI

112 1733 143 1753 et
170 1724 265 1753 XVIl
293 1723 459 1753 enarrabit
486 1723 574 1753 dieb.
601 1723 683 1753 Lun.
709 1724 806 1753 Mart.
833 1724 902 1753 lov.
929 1723 1012 1753 Ven.
1038 1723 1112 1752 hor.
1138 1723 1198 1752 IX.

706 1865 768 1894 Da.
795 1865 835 1894 H.
862 1865 1043 1900 ZIMMER,
1070 1875 1096 1894 P.
1123 1875 1149 1895 P.
1177 1874 1207 1894 Ο.

271 1944 296 1983 Ι)
323 1944 459 1974 Publice
484 1945 526 1974 de
552 1943 821 1983 religionibus
846 1944 1029 1974 Indorum
1055 1944 1197 1974 disseret
1228 1945 1282 1975 die
1310 1944 1381 1975 Sat.
1407 1945 1480 1976 hor.
1506 1945 1580 1975 XII.
1607 1964 1648 1966 —
1672 1945 1712 1985 ΙΙ)
1739 1945 1804 1975 Pri-

114 2007 216 2036 vatim
241 2006 550 2036 declinationem
577 2006 800 2046 linguarum
826 2006 1077 2041 Sanskritae,
1109 2006 1305 2043 Graecae,
1338 2006 1505 2037 Latinae
1530 2015 1804 2046 comparatam

114 2069 223 2098 tradet
249 2069 337 2098 dieb.
363 2069 460 2098 Mart.
486 2076 517 2098 et
544 2069 627 2098 Ven.
653 2068 725 2097 hor.
752 2068 825 2097 XII.
851 2086 893 2089 -——
910 2068 965 2107 111)
991 2068 1216 2099 Privatissime
1233 2069 1293 2099 sed
1311 2069 1417 2109 gratis
1435 2069 1602 2109 hymnos
1627 2068 1805 2099 selectos

114 2130 325 2171 Rigvedae
351 2138 386 2160 et
412 2130 730 2160 Atharvavedae
755 2130 1038 2160 commilitonibus
1063 2130 1335 2170 interpretandos
1360 2138 1531 2170 proponet
1556 2131 1644 2161 dieb.
1671 2130 1755 2160 Lun.
1773 2138 1805 2160 et

115 2193 216 2222 Mero
242 2192 312 2222 hor.
338 2192 412 2221 XII.

688 2316 751 2345 Da.
778 2316 845 2345 FR.
872 2315 1080 2352 SCHMITZ,
1108 2327 1133 2346 ι».
1160 2327 1186 2345 P.
1215 2327 1243 2345 o.

275 2397 300 2436 Ι)
326 2395 462 2426 Publice
488 2395 650 2435 plantas
674 2394 998 2434 thallophyticas
1031 2396 1188 2426 tractabit
1221 2396 1275 2425 die
1307 2395 1378 2426 Sat.
1411 2395 1483 2425 hor.
1509 2395 1584 2425 XII.
1608 2414 1650 2417 -—
1675 2395 1715 2435 ΙΙ)
1741 2395 1806 2425 Pri-

117 2459 220 2488 vatim
248 2458 278 2498 1)
304 2458 518 2488 botani'cen
544 2457 843 2497 systematicam
869 2457 1005 2487 docebit
1037 2457 1124 2487 dieb.
1151 2457 1248 2487 Mart.
1276 2465 1307 2486 et
1332 2457 1416 2487 Ven.
1442 2457 1513 2487 hor.
1540 2456 1599 2492 IX,
1625 2457 1679 2486 die
1704 2457 1805 2486 Merc.

117 2520 189 2550 hor.
215 2520 293 2556 X11;
320 2520 352 2560 2)
385 2520 708 2550 exercitationes
743 2519 953 2549 botanicas
986 2518 1303 2557 microscopicas
1336 2518 1482 2548 instituet
1518 2518 1606 2547 dieb.
1640 2518 1740 2547 Merc.
1774 2525 1806 2547 et

117 2581 188 2612 Sat.
214 2582 286 2612 hor.
312 2582 338 2611 II
363 2590 396 2612 et
422 2582 472 2611 111.
497 2599 539 2602 —
564 2580 619 2620 ΙΙΙ)
645 2581 870 2610 Privatissime
895 2580 928 2609 in
954 2580 1076 2610 musei
1102 2579 1277 2609 botanici
1301 2579 1557 2609 laboratorio
1575 2579 1806 2618 operaturis

118 2643 225 2673 aderit
251 2644 383 2673 cotidie.
