2195 2938
942 205 973 234 V

116 322 190 341 esse
211 319 314 351 caput
340 311 474 341 Atticae
493 319 525 341 et
551 311 658 350 ipsam
682 317 804 340 terram
831 309 1042 340 devastatam
1061 308 1284 339 rettulissent?
1311 309 1376 346 Qui
1395 309 1420 339 si
1446 309 1489 338 de
1502 319 1538 338 56
1555 309 1805 347 praedicassent

115 373 181 403 tale
206 373 297 412 quid,
323 373 505 402 obscurata
530 372 666 411 quidem
691 382 806 401 verum
833 371 964 401 minime
988 370 1122 401 sublata
1152 370 1294 400 veritate
1326 370 1579 400 Atheniensium
1608 370 1698 400 laudi
1729 370 1805 400 invi-

116 434 256 464 dissent:
283 444 351 474 quo
377 434 418 463 de
444 433 577 463 inferius
602 432 802 463 videbimus.
863 432 923 462 His
953 433 1104 462 refutatis
1135 432 1231 462 simul
1262 432 1360 462 etiam
1391 432 1604 462 coniecturae
1633 440 1805 461 auctorem

116 496 320 526 convicimus
345 495 538 535 Bergkium,
565 494 620 534 qui
646 494 841 533 Aphidnam
867 494 985 524 urbem
1011 494 1039 523 in
1066 494 1148 524 cista
1173 504 1191 524 a
1216 504 1252 523 se
1281 501 1438 523 novatam
1466 493 1614 523 Atticam
1645 503 1719 523 esse
1749 503 1806 522 vo-

117 557 186 593 luit,
213 557 348 587 Thesea
373 556 487 586 fabula
513 555 761 586 nobilissimam.
810 555 942 593 Quodsi
967 556 1148 595 adsumpta
1173 564 1251 585 nota
1276 555 1423 594 quadam
1457 555 1647 585 narratione
1672 554 1806 584 laudem

116 618 282 659 Bergkius
308 618 436 653 meruit,
462 617 544 648 illud
569 617 714 657 amplius
739 617 980 657 improbamus,
1012 618 1103 657 quod
1134 617 1163 647 in
1193 617 1257 647 hoc
1287 625 1502 647 monumento
1532 617 1603 647 sive
1633 616 1806 646 Corinthio

117 691 176 710 seu
202 688 292 710 certe
318 679 606 719 Peloponnesiaco
632 680 821 718 eodemque
846 686 1046 718 pervetusto
1072 679 1220 709 Atticam
1253 679 1295 708 ab
1322 678 1401 718 ipsis
1431 678 1553 709 Atticis
1582 678 1737 708 traditam
1764 678 1807 708 fa-

115 741 238 771 bellam
263 752 462 781 expressam
481 752 555 771 esse
580 741 759 771 contendit.
800 741 883 770 Nam
909 741 951 770 de
969 741 1211 771 Dioscurorum
1237 740 1456 780 expeditione
1473 741 1515 770 ad
1542 740 1807 779 recuperandam

116 803 279 833 Helenam
310 803 457 833 instituta
483 803 563 843 quid
594 802 788 842 Aphidnaei
815 802 919 832 Attici
954 802 1170 837 narraverint,
1198 801 1389 832 Hellanicus
1427 801 1478 841 (fr.
1514 811 1553 841 74
1578 802 1669 841 apud
1702 801 1806 831 schol.

116 865 200 895 Ven.
226 865 259 895 A
284 865 326 895 ad
352 864 386 894 Il.
413 866 441 894 Γ
469 864 542 904 144)
568 873 600 894 et
626 865 824 894 Herodotus
849 864 912 903 (IX
940 864 993 904 73)
1019 872 1174 904 tempore
1205 863 1282 893 belli
1312 863 1588 903 Peloponnesiaci
1617 874 1661 893 ex
1691 873 1807 893 eorum

118 937 177 957 ore
203 935 345 966 uterque
371 934 604 966 susceperunt.
653 926 819 956 Herodoti
846 926 951 956 verba
976 926 1198 956 adscribimus
1224 925 1272 955 lX
1299 924 1388 966 73¹):

495 997 617 1036 λέγουσι
668 997 751 1038 (scil.
797 998 824 1027 οἱ
862 996 1032 1038 Ἀθηναῖοι)
1077 994 1147 1032 τούς
1181 996 1346 1035 Δεκελέας,
1391 995 1423 1026 οἳ
1465 994 1499 1026 δὲ
1536 994 1630 1026 αὐτὸν
1672 995 1810 1026 Δέκελον

326 1057 513 1098 ἀχθόμενόν
548 1070 578 1089 τε
614 1059 647 1100 τῇ
685 1060 807 1101 Θησέος
844 1057 910 1099 ὕβρι
950 1057 997 1088 καὶ
1025 1059 1223 1097 δειμαίνοντα
1253 1056 1322 1096 περὶ
1352 1055 1434 1099 πάσῃ
1461 1058 1493 1099 τῇ
1524 1056 1693 1098 ἶι1θηναίων
1723 1055 1807 1097 χώρῃ

327 1119 562 1162 ἐξηγησάμενόν
579 1130 635 1161 σφι
652 1119 684 1151 τὸ
710 1121 773 1151 πᾶν
799 1121 926 1162 πρῆγμα
950 1117 1187 1161 κατηγήσασθαι
1214 1118 1266 1149 ἐπὶ
1282 1117 1334 1154 τὰς
1357 1118 1505 1159 Ἁᾳίδνας,
1531 1116 1585 1153 τὰς
1613 1115 1650 1159 δὴ
1679 1116 1810 1153 Τιιακὸς

332 1181 392 1212 ἐών
416 1181 586 1220 αὐτόχθων
609 1183 836 1221 καταπροδιδοῖ
860 1181 1099 1222 Τυνδαρίδῃσιν.

116 1245 279 1285 Ereptam
297 1245 447 1275 nimirum
465 1245 527 1275 sibi
545 1256 564 1275 a
583 1245 757 1275 Dioscuris
775 1245 932 1275 fratribus
958 1242 1120 1273 Helenam
1146 1243 1191 1273 ita
1209 1243 1400 1283 Aphidnaei
1427 1243 1646 1277 excusabant,
1673 1250 1707 1272 ut
1734 1252 1809 1281 pro-

117 1307 222 1350 ditum
247 1317 266 1336 a
291 1306 524 1336 Decelensium
551 1314 583 1336 et
609 1306 839 1336 'l‘itacidarum
865 1304 1051 1347 gentibus²)
1077 1305 1253 1335 latibulum
1279 1305 1418 1346 virginis
1444 1305 1642 1341 dictitarent,
1669 1305 1810 1334 absente

116 1377 225 1399 tamen
258 1369 405 1404 Theseo,
442 1377 477 1398 ut
510 1369 665 1399 addimus
697 1380 740 1398 ex
766 1368 951 1398 Hellanico‘
1000 1368 1041 1397 Et
1074 1375 1167 1407 patet
1197 1378 1240 1397 ex
1267 1367 1432 1397 Herodoti
1458 1366 1619 1396 relatione
1649 1375 1809 1405 quantum

116 1431 191 1461 huic
217 1430 353 1461 Atticae
377 1430 512 1461 fabulae
542 1431 603 1470 ipsi
635 1431 808 1461 tribuerint
834 1429 1102 1464 Lacedaemonii,
1129 1429 1257 1468 quippe
1287 1429 1342 1468 qui
1368 1428 1421 1459 vel
1454 1428 1545 1468 parci
1571 1427 1738 1458 Deceleae
1764 1427 1811 1467 (et

118 1496 260 1524 fortasse
284 1493 448 1523 Titacidis
474 1492 625 1532 quoque)
651 1504 711 1532 per
737 1492 861 1522 bellum
886 1490 1162 1521 Archidamieum
1187 1490 1356 1521 iusserint:

327 1567 404 1593 τοῖσι
429 1561 462 1593 δὲ
487 1562 675 1593 Δεκελεῦσιν
699 1561 730 1592 ἐν
754 1560 883 1604 Σπάρτῃ
908 1561 971 1593 sisto
997 1559 1107 1592 τούτου
1147 1561 1197 1591 τοῦ
1230 1560 1320 1600 ἔργον
1356 1559 1483 1592 αἰέλειά
1513 1572 1544 1591 τε
1576 1559 1627 1590 καὶ
1662 1560 1809 1601 προεδρίη

329 1624 464 1655 διατελεῖ
495 1623 526 1659 ἐς
548 1622 619 1655 τόδε
643 1623 693 1655 ἀεὶ
718 1623 759 1654 ἔτι
784 1623 890 1661 ἐοῦσα,
923 1622 1003 1655 oiim>
1028 1623 1105 1654 ὥστε
1132 1623 1183 1654 καὶ
1209 1623 1240 1659 ἐς
1264 1621 1316 1654 τὸν
1341 1622 1483 1662 πόλεμον
1508 1621 1558 1653 τὸν
1584 1622 1711 1662 ἱὶσιερον
1736 1622 1810 1652 πολ-

328 1686 405 1716 λοῖσι
438 1684 514 1716 ἔιεσι
552 1683 667 1716 τούτων
699 1684 868 1724 γενόμενον
891 1685 1080 1727 Ἀθηναίοισί,
1104 1697 1133 1716 ’τε
1165 1684 1217 1715 καὶ
1250 1686 1532 1727 ΙΙελυῖῑονιήσίυισι
1560 1685 1732 1723 σιιόμένων
1756 1682 1812 1725 τὴν

328 1745 428 1789 ἄλλην
451 1746 578 1789 ’Λιῐικήν
603 1748 866 1786 Λακεδαιμονίων
890 1747 1056 1789 Δεκελείης
1081 1747 1293 1785 ἀποσχέσθαι.

118 1811 170 1841 Ac
194 1819 317 1850 sponte
349 1811 397 1850 (ut
424 1810 592 1850 praedixi)
618 1809 822 1849 intellegitur
848 1821 910 1849 pro
936 1821 1012 1840 arce
1038 1810 1247 1850 Aphidnensi
1274 1820 1377 1849 posse
1409 1818 1518 1839 terrae
1548 1809 1684 1839 Atticae
1709 1816 1811 1848 caput

117 1883 136 1902 a
154 1872 429 1903 Lacedaemoniis
461 1873 508 1902 ira
534 1881 565 1902 et
590 1873 703 1903 studio
730 1873 976 1913 exaggerando
1002 1873 1218 1903 substitutum
1245 1883 1328 1906 esse,
1348 1880 1382 1902 ut
1408 1872 1532 1902 factum
1556 1882 1629 1901 esse
1655 1871 1683 1900 in
1709 1870 1812 1900 cistae

118 1934 214 1965 titulo
240 1935 406 1974 adparuit.
449 1935 546 1972 Quae
572 1945 645 1964 cum
671 1935 715 1964 ita
741 1934 812 1970 sint,
839 1934 987 1964 Atticam
1013 1935 1055 1964 de
1074 1934 1201 1964 Helena
1228 1941 1428 1973 recuperata
1454 1932 1676 1962 narrationem
1699 1942 1812 1961 monu-

118 2005 230 2026 mento
260 1996 549 2036 Peloponnesiaco
579 1997 693 2026 offerri
724 1997 752 2026 in
784 2005 874 2026 tanta
904 2007 1014 2026 rerum
1040 1996 1229 2026 Atticarum
1260 1995 1398 2025 saeculo
1428 2005 1455 2024 a.
1482 1994 1559 2023 Chr.
1586 1993 1730 2033 septimo
1756 2003 1811 2032 pe-

118 2058 210 2088 nuria
236 2066 267 2087 et
294 2058 462 2097 parvitate
488 2068 551 2088 non
583 2059 686 2088 modo
720 2058 879 2088 abhorret
913 2058 1095 2088 admodum
1127 2058 1170 2087 ab
1200 2057 1287 2087 omni
1323 2056 1565 2096 probabilitate
1597 2056 1652 2095 (de
1685 2066 1751 2095 qua
1778 2066 1813 2084 re

119 2120 160 2149 G.
187 2119 377 2150 Loeschkei
403 2120 445 2150 (le
470 2121 578 2150 Borea
604 2129 635 2150 et
661 2120 820 2160 Orithyia
845 2120 874 2150 in
901 2121 1019 2150 eadem
1038 2130 1116 2149 arca
1135 2119 1397 2159 repraesentatis
1416 2118 1653 2148 commentatio
1671 2118 1813 2147 adeatur

119 2182 262 2221 Uorpati
287 2183 366 2211 1888
385 2182 519 2221 emissa)
545 2183 604 2212 sed
631 2182 720 2211 illam
746 2182 948 2212 Laconicam
968 2181 1021 2211 vel
1041 2181 1362 2220 l‘eloponnesiacam
1385 2179 1556 2210 certissimi
1576 2179 1811 2209 coniectamus.

119 2243 250 2273 Eximie
275 2243 454 2279 laetamur,
488 2244 581 2283 quod
606 2244 870 2283 antiquissimam
901 2244 970 2273 sere
995 2243 1205 2273 Athenarum
1237 2242 1328 2272 urbis
1358 2241 1556 2271 mentionem
1589 2241 1684 2271 titulo
1710 2241 1813 2271 cistae

122 2313 291 2335 servatam
317 2316 336 2335 a
362 2305 445 2335 falsa
472 2306 597 2335 fraudis
622 2306 816 2345 suspicione
841 2305 1093 2335 vindicavimus.

278 2368 389 2397 Pauca
419 2367 583 2404 addimus,
610 2376 643 2397 ut
670 2367 829 2397 correctis
855 2368 1056 2407 quibusdam
1087 2366 1229 2396 aliorum
1256 2366 1373 2395 erratis
1402 2366 1444 2395 ad
1471 2365 1651 2395 dolandam
1678 2363 1813 2394 fabulae

120 2429 291 2459 materiam
317 2429 401 2459 haec
419 2429 567 2469 Parerga
593 2429 718 2469 aliquid
744 2429 842 2459 etiam
862 2429 1066 2459 conduxisse
1092 2429 1288 2459 iudicentur.
1329 2427 1573 2457 l'roficiscimur
1591 2438 1609 2457 a
1631 2426 1814 2457 Pausaniae

226 2515 244 2547 ¹)
266 2517 414 2540 Plutarchus
435 2518 524 2546 (Thes.
547 2522 589 2547 32}
610 2525 641 2539 ex
669 2522 743 2547 parte
764 2517 831 2540 idem
858 2517 944 2545 refert,
966 2517 1013 2539 nisi
1035 2516 1105 2547 quod
1132 2516 1289 2539 Arademum
1312 2515 1457 2545 Aphidnum
1479 2515 1630 2545 prodidisse
1651 2514 1719 2537 dicit.
1758 2514 1813 2537 Ste-

121 2562 220 2591 phanus
241 2561 377 2590 Byzantius
397 2564 426 2588 (s.
450 2569 473 2584 ν.
491 2559 665 2593 Ἑκαδήμεια)
678 2561 817 2584 Echemum
838 2562 983 2590 'l'egeatanl
996 2562 1186 2584 Dioscururum
1206 2561 1304 2583 socium
1324 2565 1403 2582 totam
1426 2560 1534 2583 Atticam
1551 2559 1690 2588 subegisse
1711 2558 1813 2583 rettulit.

120 2605 186 2628 unde
207 2605 373 2629 Academiam
393 2606 460 2628 mal(—
480 2605 649 2628 denominari.

277 2648 298 2680 ²)
321 2650 358 2673 Cf.
379 2650 516 2680 Tocpffi’r,
538 2650 654 2673 Attischv
675 2650 844 2678 Genealogic
866 2657 889 2680 p.
913 2652 961 2675 280
982 2657 1039 2679 sqq.
