2195 2938
401 421 999 481 VNIVERSITATIS
1040 421 1552 481 LITTERARIAE

600 535 1352 596 GRYPHISWALDENSIS

853 661 1087 683 RE(·T‹)R

518 745 851 800 HVGO
942 745 1435 799 SCHVLZ

937 854 1009 877 CVM

633 939 743 994 CON
755 940 913 994 OILIO
971 939 1316 995 ACADEMICO

928 1066 953 1088 5.
994 1066 1024 1088 1).

725 1153 904 1184 CIVIBVS
932 1153 1227 1184 ACADEMICIS.

872 1252 907 1253 7?
930 1248 1021 1256 -0.00

246 1309 496 1368 Nobilissimus
521 1337 617 1368 locus
642 1347 691 1369 est
717 1339 901 1369 Pausaniae
919 1339 948 1369 in
973 1339 1144 1380 Periegesi
1170 1339 1335 1370 Graeciae
1353 1350 1427 1370 cum
1453 1351 1564 1370 arcam
1590 1351 1609 1370 a
1627 1341 1822 1381 Cypselidis

128 1399 312 1439 Olympiae
336 1400 481 1430 dicatam
507 1400 701 1431 describens
726 1401 755 1430 in
781 1409 902 1441 quarta
926 1412 1006 1431 area
1032 1411 1183 1431 AETHRAM
1207 1411 1360 1431 HELENAM
1387 1412 1562 1432 DlOSCL'ROS
1587 1402 1696 1442 pictos
1721 1403 1822 1434 fuisse

129 1470 270 1492 enarrat.
318 1462 366 1492 Ibi
390 1462 492 1503 igitur
517 1462 600 1492 haec
625 1462 703 1493 dicit
729 1463 759 1493 V
788 1473 866 1502 19,2
893 1474 982 1503 sqq.:

337 1522 396 1554 εἶσὶ
434 1521 468 1553 δὲ
506 1522 557 1554 ἐπὶ
591 1524 626 1566 τῇ
662 1523 789 1564 λάρνακι
828 1523 1027 1564 Διόσκουροι,
1058 1522 1077 1555 ό
1112 1523 1214 1563 ἕτερος
1248 1523 1304 1556 οὐκ
1342 1524 1423 1563 ἔχων
1460 1537 1508 1555 πω
1532 1526 1645 1565 γένεια,
1675 1526 1754 1567 μέση
1786 1524 1821 1556 δὲ

338 1585 438 1616 αὐτῶν
454 1582 575 1627 Ἑλένη.
618 1585 723 1625 Αἴθρα
741 1584 776 1617 δὲ
800 1583 820 1628 ἦ
844 1587 990 1622 Πιτθέως
1016 1583 1078 1617 ὑπὸ
1103 1586 1156 1629 τῆς
1179 1583 1307 1628 Ἑλένης
1331 1591 1392 1621 τοῖς
1418 1586 1508 1617 ποσὶν
1530 1586 1561 1622 ἐς
1587 1586 1705 1628 ἔδαφος
1729 1599 1819 1618 κατα-

336 1646 515 1689 βεβλημένη
553 1647 705 1687 μέλαιναν
734 1646 851 1686 ἔχουσά
891 1646 972 1678 ἐστιν
1001 1647 1130 1690 ἐσθῆτα.
1172 1647 1355 1687 ἐπίγραμμα
1395 1646 1430 1679 δὲ
1465 1647 1514 1679 ἐπ’
1541 1648 1645 1685 αὐτοῖς
1680 1648 1754 1685 ἔπος
1790 1661 1820 1681 τε

338 1707 508 1749 ἑξάμετρον
532 1708 582 1739 καὶ
607 1708 763 1748 ὀνόματός
788 1708 870 1740 ἐστιν
894 1708 964 1744 ἑνὸς
989 1709 1042 1740 ἐπὶ
1066 1710 1106 1751 τῷ
1133 1709 1290 1751 ἑξαμέτρῳ
1317 1708 1500 1752 προσθήκη·

444 1771 623 1811 Τυνδαρίδα
647 1769 776 1802 Ἑλέναν
800 1773 939 1811 φέρετον,
964 1770 1086 1812 Αἴθραν
1110 1772 1136 1801 δ’
1160 1769 1293 1812 ἕλκετον,
1318 1770 1502 1804 Ἇθάναθεν.

127 1833 260 1870 Quibus
292 1833 372 1872 quid
406 1833 448 1863 ad
474 1834 703 1863 renovandam
738 1833 891 1873 picturae
923 1834 1071 1873 speciem
1103 1833 1293 1864 conferatur
1325 1834 1480 1873 quamvis
1512 1845 1577 1864 non
1610 1835 1679 1865 sine
1711 1835 1819 1866 fructu

128 1894 247 1924 iterata
274 1895 501 1934 disputatione
527 1895 661 1925 tractari
688 1895 805 1935 possit,
831 1896 1024 1931 omittimus,
1055 1896 1114 1925 sed
1145 1895 1280 1926 fabulae
1310 1904 1460 1926 naturam
1491 1904 1521 1926 et
1552 1897 1714 1937 originem
1745 1908 1818 1927 con-

126 1965 224 1986 sueto
249 1966 342 1986 more
367 1957 565 1997 indagantes
591 1957 771 1987 curandum
799 1968 873 1987 esse
898 1957 1131 1998 intellegimus,
1158 1965 1193 1987 ut
1218 1957 1464 1997 inscriptionem
1494 1958 1597 1988 modo
1626 1959 1817 1998 adpositam

127 2018 305 2057 doctisque
320 2029 438 2057 parum
457 2026 670 2058 perspectam
690 2027 720 2049 et
742 2019 953 2049 multifariam
973 2026 1207 2058 attemptatam
1230 2019 1476 2058 quadamtenus
1494 2019 1704 2050 declaremus
1726 2029 1758 2050 et
1775 2021 1818 2051 ad

126 2079 296 2109 historiam
323 2079 508 2110 fabularem
534 2080 560 2110 si
579 2091 759 2120 possumus
779 2091 818 2110 ea
836 2089 968 2110 utamur
993 2081 1116 2110 rectius
1142 2091 1242 2120 quam
1267 2081 1377 2111 adhuc
1396 2081 1519 2111 factum
1538 2092 1612 2112 esse
1630 2082 1727 2112 nobis
1746 2093 1818 2122 per-

126 2141 300 2171 suasimus.
350 2141 401 2171 ΑΕ
427 2150 576 2172 moratur
602 2143 671 2172 iure
696 2143 839 2179 criticos,
866 2143 969 2182 quod,
988 2152 1062 2172 cum
1088 2143 1283 2183 ceteroquin
1308 2143 1414 2173 verba
1438 2143 1514 2173 huic
1532 2143 1635 2174 cistae
1660 2144 1818 2183 inscripta

126 2203 225 2233 certis
250 2203 404 2233 versibus
422 2203 547 2233 inclusa
572 2204 646 2239 sint,
670 2203 756 2234 hunc
782 2203 912 2234 titulum
936 2214 995 2234 nec
1020 2204 1164 2234 metricis
1189 2204 1322 2245 legibus
1347 2215 1406 2234 nec
1433 2205 1644 2245 prosodiacis
1669 2205 1817 2235 coerceri

127 2273 267 2295 constat.
316 2265 472 2295 Alterum
499 2265 571 2305 ipse
596 2266 737 2306 agnovit
763 2266 954 2301 Pausanias,
980 2266 1109 2306 quippe
1135 2267 1190 2306 qui
1216 2267 1258 2296 de
1283 2277 1369 2296 voce
1394 2265 1568 2298 Ἀθάναθεν
1592 2275 1669 2307 post
1692 2267 1817 2297 finitum

128 2337 261 2357 versum
298 2327 414 2357 addita
448 2326 616 2366 loquatur,
661 2328 923 2367 praetervidisse
959 2336 1068 2358 tamen
1099 2328 1240 2358 alterum
1274 2328 1418 2363 videtur,
1452 2328 1617 2368 siquidem
1650 2329 1817 2370 integrum

126 2397 262 2418 exstare
287 2388 394 2418 voluit
420 2389 652 2419 hexametrum
679 2400 737 2419 nec
762 2389 931 2420 laboravit
961 2390 1145 2430 quidquam
1177 2391 1220 2420 de
1245 2390 1349 2425 exitu,
1380 2400 1449 2429 quo
1481 2390 1605 2420 heroici
1631 2401 1750 2421 versus
1775 2391 1817 2420 in-

126 2450 223 2480 doles
248 2451 395 2481 funditus
421 2451 591 2486 evertitur,
618 2452 689 2481 sive
714 2449 837 2481 ἕλκετον
861 2462 904 2481 ex
935 2452 1109 2482 codicibus
1139 2462 1198 2482 seu
1224 2451 1360 2482 ἑλκεῖτον
1387 2452 1532 2491 reponis.
1588 2452 1681 2492 Ergo
1706 2463 1817 2482 recen-

126 2508 228 2542 tiores
253 2513 463 2552 depravatae
492 2513 576 2543 tituli
606 2514 749 2543 orationi
775 2522 1007 2544 succurrentes
1040 2513 1214 2543 Theodori
1245 2513 1390 2553 Hergkii,
1421 2513 1583 2553 ingeniosi
1613 2513 1753 2544 hominis
1783 2522 1816 2544 at

126 2584 189 2603 non
215 2573 371 2609 accurati,
396 2575 620 2613 suspicionem
646 2585 808 2606 consensu
833 2585 895 2605 suo
921 2576 1152 2615 probaverunt
1178 2575 1233 2614 qui
1268 2585 1331 2615 pro
1357 2575 1609 2605 Atheniensium
1636 2575 1727 2605 urbis
1751 2586 1816 2605 me-

126 2634 231 2664 moria
262 2634 446 2674 Ἀᾳίδναθεν
475 2636 573 2666 scribi
599 2636 702 2667 iussit.
751 2637 1011 2676 Respondemus
1037 2647 1077 2667 ne
1102 2637 1146 2666 ita
1171 2637 1306 2677 quidem
1332 2637 1467 2667 inducta
1497 2636 1711 2677 correptione
1739 2645 1815 2667 ante
