2195 2938
1150 242 1225 288 vm

332 344 424 384 quod
450 345 640 386 Jonicarum
668 346 798 375 urbium
824 345 952 376 colonis
978 346 1112 386 Minyae
1138 347 1336 377 Thessaliae
1363 348 1592 388 Boeotiaeque
1611 350 1750 379 immixti
1778 359 1879 380 erant.
1919 352 2030 382 Docu-

333 414 443 436 mento
480 417 554 436 cum
592 414 703 436 cetera
741 415 789 436 est
823 407 1103 447 Argonautarum
1142 409 1302 438 memoria
1339 418 1406 439 tum
1446 410 1591 440 limum
1628 411 1929 441 Orchomeniorum
1967 423 2027 442 rex

331 468 482 498 Miletum
508 468 702 498 translatus:
729 469 771 498 de
798 479 865 508 quo
885 470 977 508 quod
1002 470 1185 500 rectissime
1203 470 1329 500 (ludum
1350 471 1566 501 Buttmannus
1585 472 1809 512 mythologus
1828 474 2029 504 venerabilis

332 530 502 565 iudicavit,
529 530 671 569 turpiter
697 530 798 560 hodie
833 538 863 560 et
899 541 973 560 cum
1008 531 1193 562 litterarum
1229 532 1431 562 detrimento
1466 533 1611 563 nescitur
1636 534 1795 573 (Mythol.
1822 535 1846 563 ΙΙ
1882 545 1913 574 p.
1941 535 2027 574 208).

331 591 432 631 Fugit
468 591 533 621 hoc
568 602 667 621 unum
699 591 923 622 felicissimam
949 593 1138 623 Buttmanni
1173 594 1406 634 sagacitatem,
1434 595 1595 634 Erginum
1631 595 1684 625 vel
1719 596 1850 626 nomine
1884 597 1960 636 ipso
1985 597 2028 627 ad

330 653 576 683 Erchomenum
602 653 771 693 Minyeam
796 655 964 684 revocari:
989 654 1135 694 Ἐργ-ΐνος
1160 666 1224 695 pro
1248 655 1422 695 *Ἑρχ-ῖνος
1452 656 1505 686 vel
1531 654 1696 695 *Ἑργ-ΐνος
1721 666 1781 691 est,
1808 666 1841 688 ut
1870 658 2031 696 Τελχῖνες-

332 715 476 753 &atym-c
511 715 675 755 (Hesych.
710 726 734 746 s.
771 716 817 755 x.)
852 714 1127 754 Κάλχας-Χάλκας
1160 718 1269 757 (Eust.
1304 718 1335 747 in
1363 717 1394 747 Il.
1432 729 1463 758 p.
1491 719 1563 757 289,
1590 719 1645 758 38)
1673 720 2029 759 Τιλφῶτῑα-Θέλπουσα

330 777 425 807 iuxta
452 786 630 817 ponuntur.
664 778 732 808 Sed
759 778 879 808 dehoc
906 779 1077 809 hactenus.
1116 779 1357 810 Athamantem
1376 781 1557 820 Minyeum,
1585 781 1627 810 de
1653 792 1721 821 quo
1746 782 1852 811 verba
1878 782 2025 819 facimus,

330 849 391 878 per
417 839 614 879 prosapiam
645 850 739 869 suam
772 840 803 869 in
829 840 962 870 Atticas
987 851 1126 881 quoque
1150 842 1284 872 fabulas
1309 843 1486 882 irrepsisse
1511 844 1695 873 certissime
1729 845 1867 883 probari
1902 853 2026 884 potest.

328 900 528 931 Herodorus
554 901 639 931 enim
666 901 899 932 Heracleensis
925 902 1044 942 (schol.
1072 903 1237 943 Apollon.
1263 904 1290 933 ΙΙ
1322 914 1402 943 1144
1440 926 1459 935 a
1494 904 1660 944 Apollod.
1688 906 1698 934 Ι
1725 906 1791 945 9,2)
1810 905 2025 937 Athamantis

329 972 372 992 ex
405 962 601 993 Themistus
626 963 712 993 filios
738 972 888 994 recenset
915 964 1129 995 Schoeneum
1155 966 1352 1005 Erythrium
1378 966 1446 1005 (vel
1470 967 1584 1006 potius
1610 967 1809 1007 Erythrum)
1836 967 2026 998 Leuconem

326 1024 457 1061 Ptoum‚
484 1024 514 1054 in
533 1035 678 1064 quorum
706 1026 893 1056 nominibus
918 1026 1013 1056 locos
1043 1027 1229 1057 Boeoticos
1259 1029 1500 1067 persentimus:
1551 1029 1722 1068 Erythrae
1757 1029 1853 1059 huius
1879 1030 2026 1070 regionis

328 1086 418 1121 urbs,
438 1086 545 1116 Ptoon
563 1097 667 1123 mons,
688 1087 854 1117 Leuconis
880 1088 972 1118 lacus
998 1089 1105 1129 vulgo
1131 1089 1260 1129 Copais
1286 1090 1385 1125 (licta,
1404 1090 1580 1120 Schoenus
1606 1091 1721 1121 amnis.
1752 1091 1889 1121 Nonnus
1914 1100 2025 1122 autem

328 1146 390 1185 (IX
412 1148 598 1187 312—321)
625 1149 654 1178 in
680 1149 799 1178 codem
818 1150 915 1180 huius
932 1151 1066 1190 generis
1083 1162 1223 1182 recensu
1242 1163 1317 1182 cum
1336 1153 1532 1192 ceteroquin
1551 1163 1625 1182 cum
1644 1153 1827 1183 Herodoro
1845 1154 2025 1193 conspiret,

328 1219 391 1248 pro
417 1219 485 1239 uno
522 1210 673 1249 Erythro
699 1210 969 1251 Porphyrionem
1005 1213 1154 1243 exhibet.
1190 1214 1284 1254 Ergo
1319 1214 1490 1244 accinente
1525 1215 1623 1244 etiam
1660 1215 1827 1245 nominum
1861 1216 2025 1245 sententia

328 1272 469 1301 eundem
505 1282 579 1301 esse
604 1272 789 1312 Erythrum
825 1281 857 1303 et
887 1274 1157 1314 Porphyrioncm
1191 1276 1350 1306 Lehrsius
1386 1275 1608 1315 (Aristarch.³³
1642 1287 1674 1316 p.
1712 1276 1787 1316 243)
1822 1277 2025 1316 ingeniosius

327 1343 427 1372 quam
454 1334 566 1364 verius
592 1344 655 1364 non
680 1335 761 1365 satis
778 1346 814 1365 re
839 1336 1031 1366 examinata
1056 1337 1228 1368 conclusit.
1262 1339 1394 1368 Etenim
1419 1338 1570 1369 scholion
1590 1339 1619 1368 Ι)
1644 1339 1687 1369 ad
1706 1339 1729 1368 B
1754 1349 1819 1378 499
1836 1339 1882 1379 (p.
1902 1338 1962 1369 81b
1982 1350 2024 1379 43

327 1395 447 1434 Bekk.)
473 1396 515 1425 de
540 1396 697 1436 Erythris
723 1397 885 1427 Boeotiae
911 1406 941 1428 et
967 1399 1084 1440 Joniae
1110 1400 1247 1439 oppidis
1271 1401 1316 1430 ita
1344 1401 1499 1440 exponit:

540 1466 777 1509 (ὀναψιίσθησιιν
812 1466 847 1498 δὲ
879 1465 947 1510 ἤτοι
983 1467 1047 1502 ἀπὸ
1082 1468 1243 1510 Ἐριῖθρου
1279 1471 1333 1502 τοῦ
1367 1471 1567 1507 Ποσειδῶνος
1601 1471 1648 1502 καὶ
1690 1470 1937 1514 Ἀμφιμεδοιῖσης
1971 1472 2024 1514 τῆς

538 1530 678 1571 Δαναοῦ,
703 1527 724 1571 ἢ
743 1527 783 1565 οἷς
805 1528 905 1569 ἕτεροι
929 1529 993 1562 ἀπὸ
1022 1530 1183 1572 Ἐρύθρας
1206 1533 1259 1575 τῆς
1290 1535 1517 1573 Πορᾳινρίοηός
1545 1534 1599 1564 τοῦ
1624 1532 1769 1573 Σισύφου
1795 1534 2023 1573 (Athamantis

538 1591 673 1631 fratris).

325 1670 428 1700 Cuius
457 1672 602 1702 narratio
637 1672 767 1702 scholio
799 1673 975 1713 Apollonii
1006 1675 1046 1704 III
1076 1685 1156 1714 1194
1188 1675 1273 1705 bene
1303 1675 1494 1715 suppletur,
1524 1676 1581 1705 ubi
1610 1675 1752 1706 Halmus
1776 1675 2022 1716 Porphyrionis

325 1733 427 1762 frater
452 1733 496 1763 ab
522 1734 605 1763 urbe
635 1734 758 1764 Halmo
784 1735 946 1766 Boeotiae
971 1736 1023 1766 hic
1049 1747 1186 1776 quoque
1212 1737 1384 1767 derivatus
1413 1738 1566 1777 adparet.
1615 1737 1699 1767 Sunt
1726 1738 1827 1778 igitur
1852 1738 2022 1778 Erythrae

325 1794 356 1824 in
383 1795 446 1824 fine
464 1795 600 1825 Atticae
625 1790 708 1826 sitae
734 1807 808 1827 cum
834 1798 994 1828 memoria
1013 1799 1257 1839 Porphyrionis
1283 1808 1313 1830 et
1333 1800 1548 1830 Athamantis
1573 1810 1637 1830 non
1662 1800 1731 1830 sine
1749 1810 1850 1830 causa
1868 1811 2021 1831 conexae

324 1867 383 1886 nec
409 1857 645 1888 confundenda
672 1857 727 1888 illa
757 1859 1002 1899 Porphyrionis
1029 1869 1059 1891 et
1081 1861 1220 1901 Erythri
1246 1870 1423 1892 stemmata
1449 1862 1532 1892 inter
1556 1872 1592 1892 se
1618 1873 1691 1892 esse
1716 1863 1776 1892 sed
1801 1863 2021 1893 discernenda

324 1918 421 1948 facile
447 1927 550 1958 patet.
599 1920 671 1961 Jam
707 1921 762 1960 qui
799 1921 975 1952 nonnullos
1010 1923 1108 1953 etiam
1145 1923 1230 1953 alios
1263 1924 1385 1954 heroes
1411 1924 1566 1964 Minyeos
1601 1925 1630 1954 in
1659 1924 1802 1954 fabulari
1827 1924 2020 1955 Atticorum

325 1980 463 2010 historia
498 1981 605 2011 inesse
639 1982 913 2020 consideraverit,
949 1983 1034 2014 hunc
1069 1985 1111 2014 de
1146 1995 1214 2025 quo
1249 1985 1396 2015 diximus
1421 1986 1691 2025 Porphyrionem
1727 1987 1770 2016 ab
1795 1986 1913 2016 Attico
1938 1997 2020 2027 rege

324 2049 355 2071 et
381 2042 520 2081 gigante
545 2044 734 2083 cognomini
760 2055 921 2084 separare
946 2045 1051 2076 nolet:
1084 2047 1176 2077 velut
1203 2047 1365 2077 Phalerus
1391 2047 1531 2077 Alconis
1557 2048 1577 2077 f.
1613 2056 1644 2077 et
1670 2048 1771 2078 Butes
1797 2047 1973 2078 Teleontis
1999 2048 2018 2078 s.

324 2103 549 2144 Argonautae
574 2106 728 2136 (licuntur
753 2107 796 2136 ab
815 2106 1004 2146 Apollonio
1022 2108 1033 2137 Ι
1059 2120 1098 2149 95
1118 2119 1203 2148 sqq„
1230 2110 1380 2139 Eunidae
1399 2120 1482 2149 gens
1500 2118 1672 2140 auctorem
1691 2111 1848 2151 Jasonem
1867 2111 2019 2141 serebant

324 2166 514 2205 (Toepffer,
544 2167 700 2197 Attische
730 2168 942 2209 Genealogie
978 2180 1010 2209 p.
1041 2171 1095 2200 181
1125 2170 1224 2210 ειμι).
1284 2171 1484 2201 Aretissime
1518 2182 1601 2202 vero
1636 2183 1709 2202 cum
1735 2173 2018 2203 Athmonensium

324 2237 418 2268 pago
440 2228 684 2268 Porphyrionis
710 2229 823 2259 fabula
849 2230 1018 2267 cohaeret,
1045 2232 1101 2261 ubi
1127 2232 1237 2262 sanum
1261 2233 1403 2263 Veneris
1430 2234 1575 2264 Uraniae
1601 2234 1792 2265 condidisse
1815 2235 2018 2265 credebatur

324 2289 434 2328 (Paus.
462 2290 472 2319 Ι
503 2290 596 2329 146).
646 2291 762 2331 Itaque
799 2302 863 2322 non
900 2302 979 2322 casu
1015 2293 1075 2323 sed
1112 2294 1240 2324 ratione
1277 2295 1413 2336 linguae
1449 2295 1670 2335 explicamus,
1709 2297 1802 2336 quod
1838 2304 1930 2326 recta
1962 2297 2016 2327 via

322 2345 490 2389 Ἀῧμ-ονον
515 2362 559 2381 ex
576 2352 791 2383 Athamantis
809 2354 940 2383 nomine
958 2355 1146 2393 deducitur,
1166 2356 1249 2386 eliso
1275 2358 1510 2387 tantummodo
1535 2357 1642 2388 altero
1667 2354 1696 2393 a,
1723 2366 1757 2388 ut
1777 2358 1893 2388 elisum
1911 2366 1960 2388 est
1986 2358 2016 2388 in

323 2409 510 2443 ‘Salmona'
543 2424 606 2453 pro
632 2414 815 2445 Salamona
849 2416 878 2445 in
913 2416 1011 2446 titulo
1037 2416 1222 2457 Olympico
1258 2418 1341 2448 IGA
1374 2429 1428 2448 121
1469 2420 1688 2459 comparenti,
1722 2420 1752 2449 in
1773 2418 1896 2450 ‘Atlas'
1921 2420 2016 2450 iuxta

322 2470 474 2504 ‘Talaus'
500 2482 531 2505 et
556 2472 748 2512 ‘Atalanta'‚
774 2473 943 2516 ‘Breky11‚'
969 2478 1025 2507 ubi
1052 2489 1069 2508 e
1095 2479 1202 2518 periit,
1229 2479 1311 2510 aliis.

482 2555 659 2585 PHALERUM
690 2556 926 2596 Argonautam
956 2558 1138 2598 tetigimus.
1187 2559 1216 2589 Is
1241 2559 1370 2590 scholio
1395 2560 1571 2599 Apollonii
1598 2561 1609 2590 I
1635 2562 1677 2599 96
1706 2571 1767 2600 per
1793 2560 2015 2601 Chalciopam

322 2625 473 2645 sororem
499 2616 556 2655 (de
587 2628 654 2656 qua
680 2618 792 2647 Herm.
824 2619 903 2649 1888
937 2630 968 2658 p.
992 2622 1056 2649 620
1087 2621 1247 2660 diximus)
1282 2629 1312 2651 et
1338 2630 1512 2660 parentem
1544 2621 1710 2652 Alconem
1744 2633 1817 2652 cum
1852 2621 2014 2652 Chalcide

323 2677 407 2706 urbe
433 2678 626 2717 copulatur:
