2195 2938
1165 241 1199 272 X

547 349 681 390 bartige
707 349 881 389 Dionysos
905 348 1073 390 gelagert,
1104 349 1166 378 den
1193 349 1388 379 Kantharos
1414 348 1443 378 in
1474 348 1565 378 einer
1589 348 1698 383 Hand,
1729 348 1822 378 einen
1848 348 2032 388 Rebzweig

546 412 603 442 mit
629 412 790 442 Trauben
821 411 851 441 in
885 411 945 441 der
973 411 1110 441 andern.
1159 412 1203 441 Im
1239 411 1348 441 Schiff
1369 410 1495 451 Satyrn
1526 411 1591 440 und
1617 411 1813 445 Maenaden,
1845 411 1895 440 ein
1925 410 2032 450 Satyr

547 473 646 513 spielt
674 473 781 509 Leier‚
809 473 880 503 eine
905 473 1070 503 Maenade
1096 473 1329 513 Doppelflt'ite,
1356 473 1483 513 Satyra
1508 473 1641 503 rudern.

335 546 430 586 Ergo
463 545 526 575 iam
560 545 698 585 cognita
730 555 784 574 res
816 552 876 578 est,
910 544 1078 574 Bacchum
1109 544 1260 574 Atticum
1294 544 1457 574 maritima
1483 554 1622 584 quoque
1645 552 1816 584 potestate
1842 544 2033 584 praeditum

335 609 446 643 fuisse,
473 616 504 638 et
530 608 559 637 in
583 607 668 637 hunc
694 607 802 647 ipsum
826 607 926 637 deum
952 607 1113 646 hymnum
1139 607 1223 637 inter
1241 607 1442 636 Homericos
1468 607 1527 636 Vll
1546 615 1715 636 cantatum
1742 615 1900 646 putamus
1918 606 2033 636 Attica

336 671 444 700 forma
474 668 634 700 Διονύσου
667 668 767 709 juxta
806 669 936 709 epicam
966 667 1132 700 Διωνύσου
1164 668 1418 699 memorabilem
1444 669 1591 708 ideoque
1621 669 1691 699 iure
1719 669 1761 699 ad
1793 669 1941 699 Atticam
1971 668 2033 698 ori-

333 732 455 773 ginem,
482 732 646 772 quidquid
673 739 791 761 contra
817 731 998 761 moliuntur
1024 730 1155 768 ‚Studia
1181 731 1438 772 Regimontana‘
1464 731 1475 760 Ι
1501 741 1534 771 p.
1549 732 1589 771 67
1616 741 1702 770 sqq,
1727 730 1869 761 relatum
1895 741 1913 760 a
1931 730 2034 761 wila-

336 795 504 825 mowitzio
529 793 662 834 (Philol.
689 794 823 825 Unters.
850 794 861 823 Ι
886 805 918 834 p.
939 803 999 834 225
1019 793 1094 834 sq).
1143 794 1275 832 Quodsi
1301 794 1447 834 hymnus
1472 793 1527 823 ille
1552 793 1599 823 rei
1624 801 1744 833 gestae
1769 801 1896 823 certum
1921 792 2033 823 locum

336 856 572 897 praetermittit
619 856 715 896 quasi
761 856 975 886 audientibus
1013 864 1145 893 notum,
1180 867 1273 887 oram
1312 856 1449 886 Atticae
1481 856 1577 886 facile
1613 866 1697 886 nunc
1731 855 2034 895 subintellegimus.

335 919 468 957 Quibus
494 920 523 949 in
554 928 745 949 transcursu
779 918 827 958 (ut
865 918 1056 959 speramus)
1089 919 1255 949 absolutis
1296 919 1470 949 videamus
1504 929 1581 948 num
1614 918 1678 948 alia
1703 930 1746 948 ex
1780 918 2033 948 Atheniensium

334 982 500 1022 religione
525 982 689 1011 Bacchica
712 981 810 1011 huius
835 982 881 1011 rei
911 989 1112 1021 argumenta
1137 992 1395 1021 consequamur.

494 1052 686 1083 Eleutheris
713 1053 807 1089 ‚urbe
833 1052 1005 1082 Boeotica⁴
1035 1052 1089 1082 dei
1116 1052 1314 1093 religionem
1340 1052 1492 1092 Pegasus
1518 1052 1649 1082 numine
1675 1052 1789 1082 (livino
1807 1051 1961 1081 Athenas
1987 1061 2035 1081 se-

335 1126 409 1145 cum
435 1115 575 1145 duxisse
607 1114 738 1145 scholio
764 1115 806 1144 ad
837 1114 1015 1154 Aristoph.
1041 1114 1129 1144 Ach.
1161 1125 1222 1155 243
1253 1115 1483 1154 praedicatur-2
1515 1114 1816 1149 ,Eleutherensem⁸
1847 1114 1924 1144 dicit
1954 1113 2036 1143 Pau-

334 1177 444 1208 sanias
469 1177 481 1207 Ι
508 1187 573 1217 2,5;

548 1238 691 1270 ἐνταῦθα
715 1237 761 1269 καὶ
791 1236 939 1280 Πήγασός
964 1237 1046 1269 ἐστιν
1068 1237 1284 1280 Ἐλευθερεύς,
1313 1235 1347 1274 ὃς
1375 1238 1552 1280 Ἀθηναίοις
1584 1237 1634 1269 τὸν
1666 1237 1746 1269 θεὸν
1777 1237 1942 1279 εἷσήγαγεν
1974 1237 2036 1277 (re-

548 1310 674 1343 gnante
693 1300 761 1332 scil.
780 1300 1063 1341 Amphictyone)·
1090 1299 1278 1340 σι’νελιὶβεῑο
1304 1301 1342 1331 δέ
1363 1301 1392 1331 οἷ
1411 1299 1443 1332 τὸ
1467 1300 1501 1332 ἐν
1517 1301 1657 1341 Δελφοῖς
1681 1304 1827 1340 μαντεῖον
1854 1298 2038 1342 ἀναμνῆσαν

547 1363 605 1406 τήν
627 1362 678 1395 ἐπὶ
703 1364 838 1402 Ἰκαρίου
864 1360 940 1393 ποτὲ
965 1361 1139 1404 ἐπιδημίαν
1165 1364 1216 1394 τοῦ
1242 1363 1334 1395 θεοῦ.

338 1436 507 1477 Pegasum
540 1446 664 1476 equum
696 1434 877 1465 caelestem
907 1442 939 1464 et
971 1434 1250 1465 Eleutherensem
1284 1435 1375 1465 illum
1411 1436 1625 1466 sacerdotem
1663 1435 1802 1465 nominis
1831 1434 2037 1475 aequalitate

337 1509 416 1529 casu
443 1497 628 1528 consociari
654 1505 684 1527 et
705 1497 777 1537 ipse
795 1497 933 1533 credidi,
953 1497 1061 1527 donec
1086 1497 1116 1527 in
1142 1497 1297 1527 Pafflsmt
1323 1509 1430 1538 nuper
1455 1498 1552 1528 incidi
1577 1498 1797 1538 Apollineum
1825 1497 2038 1536 eundemque

334 1561 505 1602 religionis
531 1559 737 1600 Apollineae
766 1568 938 1589 strenuum
964 1568 1246 1600 propagatorem.
1288 1561 1385 1590 Hunc
1410 1560 1504 1591 Boeo
1527 1560 1694 1600 Delphica
1721 1560 1865 1590 carmine
1889 1558 2037 1589 celebra-

334 1632 429 1654 verat
455 1623 553 1653 Paus.
601 1622 636 1652 X
664 1632 696 1662 7:

549 1682 635 1715 Boiu}
661 1682 696 1715 δὲ
720 1682 876 1723 ἐπιχωρία
900 1682 975 1726 γυνή
1003 1682 1163 1725 ποιήσασα
1189 1681 1288 1723 ἶῖμνον
1312 1683 1451 1724 Δελφοῖς
1476 1683 1535 1726 ἔφη
1567 1682 1863 1714 κατασκευάσασθαι
1895 1681 1928 1713 τὸ
1959 1694 2036 1722 μαν-

547 1751 634 1792 τεῖον
653 1747 693 1788 τῷ
718 1747 787 1788 θεῷ
812 1744 882 1781 τοὺς
907 1744 1126 1786 ἀφικομένους
1150 1744 1184 1785 ἐξ
1207 1743 1435 1786 (Υπερβορέων
1459 1744 1530 1782 τοιῗς
1559 1757 1588 1777 τε
1614 1743 1730 1782 ἄλλους
1760 1745 1807 1776 καὶ
1834 1744 1945 1788 Ὠλῆνα
1970 1769 1978 1776 .
2003 1769 2010 1776 .

546 1811 702 1852 πεποίηκε
727 1807 762 1840 δὲ
786 1807 807 1852 ἦ
830 1806 919 1839 Βοιώ
944 1806 1033 1839 τάδε·

707 1870 789 1902 ἔνθα
812 1882 859 1902 τοι
883 1867 1056 1912 εὔμνηστον
1083 1869 1275 1913 χρηστήριον
1298 1870 1498 1902 ἐκιελέσαντο

706 1935 815 1969 παῖδες
839 1931 1063 1974 “Υπερβορέων
1088 1931 1238 1973 Παγασὸς
1261 1933 1312 1964 καὶ
1337 1934 1403 1969 δῖος
1426 1933 1568 1974 Ἀγυιεύς.

546 1996 776 2036 ἑπαριθμοῦσα
802 1994 836 2027 δὲ
860 1995 909 2027 καὶ
936 1992 1053 2031 ἄλλους
1077 1996 1136 2026 τῶν
1162 1992 1388 2036 τΚτερβορέυη·
1412 1995 1465 2028 ἐπὶ
1488 1997 1613 2039 τελευῖῇ
1638 1997 1692 2027 τοῦ
1727 1994 1826 2036 ὕμνου
1851 1993 1904 2026 τὸν
1926 1994 2039 2037 Ὠλῆνα

550 2058 724 2099 ὠνόμασεν.

334 2132 495 2173 Agyieus
527 2132 628 2162 heros
661 2144 705 2162 ex
738 2132 791 2163 (lei
823 2133 1026 2173 cognomine
1058 2132 1113 2163 τοῦ
1145 2131 1278 2171 ἅγυιέυ)ς
1313 2132 1444 2162 effictus
1477 2140 1536 2162 est.
1585 2132 1659 2173 Jam
1686 2141 1768 2161 vero
1800 2141 1874 2160 cum
1904 2129 2037 2170 Apollo

336 2195 477 2235 Pagasis
503 2195 626 2225 eximie
652 2195 821 2225 coleretur
846 2195 999 2235 (Prelleri
1024 2194 1151 2235 Myth.⁴
1176 2206 1208 2235 p.
1236 2196 1312 2233 204)
1339 2205 1398 2224 nec
1424 2194 1510 2224 male
1535 2194 1700 2234 Pagasaei
1727 2204 1745 2223 a
1777 2193 1908 2222 mediae
1933 2192 2038 2221 Grae-

335 2257 406 2287 ciae
432 2257 547 2287 incolis
573 2258 727 2288 dicantur
753 2258 1010 2298 ,Hyperborei⁴:
1047 2257 1216 2298 Pagasum
1240 2266 1304 2296 pro
1330 2256 1421 2286 urbis
1439 2256 1527 2286 illius
1552 2265 1726 2295 eponymo
1744 2255 1937 2285 habendum
1963 2264 2038 2284 esse

336 2327 441 2358 patet.
498 2320 659 2349 Miramur
692 2320 763 2350 iure
798 2319 988 2360 ,Pagasum‘
1031 2319 1203 2359 Apollinis
1237 2319 1488 2350 venerationem
1513 2318 1665 2359 Delphis,
1701 2318 1822 2348 Bacchi
1849 2317 2037 2357 Pegasum*

334 2381 482 2411 Athenis
508 2382 698 2417 instituisse,
726 2381 803 2411 nihil
829 2390 939 2411 tamen
966 2391 1180 2416 novat-emus,
1208 2381 1266 2411 nisi
1294 2381 1343 2417 (ut
1362 2381 1534 2421 praedixi)
1560 2380 1650 2410 cultu
1676 2380 1796 2410 Bacchi
1823 2378 1936 2409 marini
1955 2388 2036 2417 quo-

336 2454 404 2482 que
422 2444 517 2483 ipsae
543 2444 697 2484 Pagasae
723 2444 944 2474 excellerent:
971 2444 1012 2474 de
1038 2454 1107 2483 quo
1132 2443 1152 2473 l.
1179 2454 1205 2473 c..
1233 2443 1429 2483 expositum
1457 2451 1516 2473 est.
1544 2443 1638 2483 Ergo
1664 2442 1756 2482 apud
1782 2440 1979 2471 Pausaniam
2005 2447 2037 2469 et

337 2504 580 2544 Aristophanis
613 2513 841 2535 enarratorem
875 2506 946 2545 (qui
964 2514 1074 2536 tamen
1100 2516 1163 2546 pro
1181 2516 1248 2536 uno
1273 2505 1549 2545 Atthidographi
1572 2504 1764 2534 testimonio
1790 2502 1950 2542 habendi)
1970 2501 2038 2537 ,Pa-

335 2572 465 2605 gasum⁴
486 2577 548 2606 pro
568 2567 722 2606 ‚Pegaso‘
741 2568 968 2600 emendamus.
1009 2568 1126 2598 Dictus
1144 2567 1400 2598 Eleutherensis
1418 2568 1571 2607 Pagasus
1594 2575 1643 2597 est
1666 2567 1709 2596 ab
1728 2565 2036 2599 Eleutherensibus,

337 2639 411 2658 cum
437 2629 558 2670 religio
589 2630 752 2660 Bacchica
778 2630 864 2660 hanc
896 2631 1014 2660 urbem
1049 2631 1238 2661 invasisset.
1304 2629 1531 2669 Corruptelae
1567 2629 1728 2659 rationem
1761 2627 1917 2658 facillime
1949 2636 2037 2656 com-

336 2690 548 2721 miniscimur.
