2195 2938
1142 235 1254 282 xlvj?

331 352 433 371 causa
460 349 686 371 removeatur.
736 341 803 370 Nec
829 350 1005 371 secernunt
1031 349 1157 372 tantum
1184 341 1350 381 adpositis
1373 341 1422 372 bis
1448 341 1571 371 Graeci
1597 342 1680 371 inter
1706 353 1742 371 se
1768 342 1941 379 disiuncta,
1970 344 2030 374 sed

331 403 520 434 vehementi
546 403 682 444 linguae
708 403 834 443 impetu
862 403 977 443 partiri
1004 404 1103 434 ctiam
1130 404 1222 444 quod
1249 403 1396 444 simplex
1426 404 1466 434 sit
1499 412 1531 433 et
1557 404 1584 433 in
1616 415 1652 434 st:
1678 404 1864 434 cohaerens
1894 414 2030 435 consue-

330 475 414 503 runt,
443 474 476 496 ut
496 474 606 496 tamen
633 474 739 496 totum
759 466 920 505 quiddam
938 466 1001 496 illis
1028 466 1181 506 partibus
1204 467 1288 496 effici
1309 477 1372 497 non
1398 466 1578 497 desinatur.
1619 467 1748 497 Morem
1775 466 1842 497 late
1861 475 2030 506 patentem

330 529 391 559 sed
417 528 476 558 vix
501 528 583 558 satis
609 536 827 567 perspectum
852 528 1081 569 grammaticis
1107 539 1181 558 cum
1215 529 1268 559 alii
1295 537 1364 559 tum
1396 529 1566 569 Hauptius
1591 528 1674 559 locis
1703 529 1745 559 ad
1777 529 1862 559 bunc
1892 539 2032 569 quoque

329 590 480 621 libellum
492 590 621 621 idoneis
636 590 822 620 declaravit
841 590 984 630 (Opusc.
1004 590 1015 620 I
1042 592 1103 630 263
1118 590 1198 630 sq.):
1226 602 1269 621 ex
1288 602 1432 631 quorum
1452 602 1542 631 penu
1560 591 1644 622 haec
1662 592 1730 622 duo
1750 602 1954 631 promemus.
1969 590 2030 622 So—

329 652 471 693 phocles
496 652 543 683 sic
568 653 612 683 de
637 652 813 689 ,omnibus‘
839 653 947 683 servis
972 652 1122 693 loquitur
1148 652 1278 694 (Antig.
1310 652 1419 692 1108):

1076 714 1116 745 ἴτ’
1142 714 1181 745 ἴτ’
1208 714 1344 750 ὀπάονες

701 777 734 808 0‘1‘
756 778 783 807 τ’
807 774 892 812 ὄντες
917 776 950 807 οἵ
972 777 1000 807 τ’
1023 775 1167 819 ἀπόντες,
1192 777 1299 817 ἀξίνας
1324 781 1430 816 χεροῖν

702 837 841 879 ὁρμᾶσθ’
868 838 991 875 ἑλόντες
1016 839 1060 875 εἷς
1084 838 1226 881 ἐπόψιον
1253 838 1358 871 τόπον.

328 911 489 942 Socrates
524 912 553 941 in
589 911 736 942 Platonis
771 911 912 941 Philebo
947 922 979 951 p.
1011 912 1078 942 6621
1108 923 1127 942 a
1158 911 1313 942 Yahleno
1343 911 1421 950 (ind.
1460 911 1534 941 lect.
1569 911 1678 941 Herol.
1726 912 1807 951 1879
1843 922 1875 951 p.
1918 921 1926 940 1
1964 910 2030 951 sq.)

330 974 465 1003 tandein
490 982 582 1004 recte
608 974 781 1014 explicato
807 974 852 1004 ita
878 974 1025 1004 rationes
1049 985 1128 1004 suas
1154 974 1424 1014 comprehendit:

541 1035 641 1079 πάντῃ
668 1035 704 1079 δή
731 1035 851 1078 φήσεις,
879 1027 902 1067 ‹1³›
919 1034 1101 1076 Πρώταρχε,
1129 1033 1192 1067 ὗπό
1215 1047 1245 1067 τε
1269 1035 1407 1075 ἀγγέλων
1431 1037 1566 1075 πέμπων
1589 1035 1636 1066 καὶ
1666 1036 1799 1075 Πιιροῦσι
1826 1033 1963 1076 ([ριὶζων,
1991 1032 2031 1070 οἷς

543 1097 639 1141 ἡδονὴ
666 1100 767 1141 mmm
793 1098 850 1130 οὐκ
875 1098 935 1130 ἔστι
962 1099 1083 1138 πρῶτον
1108 1098 1178 1130 οὐδ’
1204 1089 1243 1130 αἶ’
1273 1097 1428 1138 δεύιερυν,
1454 1096 1534 1128 ἀλλὰ
1551 1099 1674 1137 πρῶτον
1695 1099 1754 1137 μέν
1770 1110 1810 1140 711,
1832 1096 1899 1137 περὶ
1918 1098 2032 1137 μέτρον

541 1161 591 1192 καὶ
624 1160 654 1192 τὸ
686 1163 813 1201 μέτριον
840 1161 891 1193 καὶ
928 1163 1049 1201 καίριον
1077 1161 1128 1192 καὶ
1158 1159 1258 1193 πάντα
1288 1159 1391 1191 ὁπόσα
1422 1159 1478 1202 χρὴ
1512 1161 1639 1191 τοιαῦτα
1674 1161 1813 1200 ’νομίζων
1844 1158 1897 1202 τὴν
1928 1158 2031 1190 ἀίδιον

542 1221 679 1266 ᾑρῆσθαι
707 1221 780 1264 qum
787 1235 812 1255 ι’.

327 1305 530 1345 Ubicunque
556 1305 776 1335 Protarchum
802 1306 963 1336 Socrates
989 1305 1033 1335 ait
1060 1314 1092 1336 et
1118 1316 1179 1345 per
1204 1305 1336 1335 nuntios
1363 1313 1394 1335 et
1420 1305 1463 1335 ad
1495 1313 1692 1344 praesentes
1721 1303 1828 1334 verba
1853 1303 2030 1333 facientem

328 1367 409 1397 illud
436 1368 478 1397 de
503 1367 683 1407 voluptate
708 1369 887 1398 adfirmare
913 1378 1027 1408 posse,
1055 1378 1120 1398 non
1154 1379 1223 1407 quo
1254 1377 1432 1408 utramque
1461 1367 1550 1398 viam
1580 1367 1824 1408 ingrederetur,
1854 1366 1914 1396 sed
1941 1376 2030 1402 ,cum

329 1429 360 1460 hi
394 1431 463 1460 duo
492 1431 583 1460 modi
613 1431 675 1460 sint
706 1430 789 1460 inter
821 1442 857 1461 se
890 1431 1058 1467 contrarii,
1090 1431 1213 1470 quibus
1244 1431 1324 1471 quid
1358 1430 1604 1461 communicare
1634 1439 1707 1459 cum
1738 1428 1810 1459 aliis
1840 1428 1952 1468 possis
1980 1427 2030 1458 his

331 1492 500 1532 copulatis
526 1493 558 1523 id
584 1493 716 1528 indicat,
743 1493 826 1524 baec
851 1494 939 1524 adeo
966 1504 1041 1524 esse
1065 1504 1146 1524 vera
1172 1502 1206 1524 ut
1232 1503 1439 1533 quocunque
1457 1493 1560 1523 modo
1587 1500 1618 1522 et
1644 1492 1735 1532 apud
1754 1491 2031 1531 quosviscunque

327 1566 526 1585 asseverare
551 1556 692 1585 fidenter
718 1556 825 1586 liceat.
864 1556 914 1586 Ea
940 1556 1025 1586 enim
1051 1556 1102 1586 vis
1128 1565 1177 1587 est
1204 1555 1443 1595 copulatorum
1470 1554 1726 1590 contrariorum,
1753 1563 1817 1583 non
1847 1561 1881 1583 ut
1907 1560 2031 1583 utrum-

330 1629 396 1658 que
423 1629 483 1658 per
508 1629 544 1649 se
569 1626 752 1658 spectetur,
778 1619 838 1649 sed
857 1627 893 1649 ut
919 1619 1103 1649 coniunctis
1122 1619 1257 1649 duobus
1283 1629 1349 1648 una
1375 1617 1538 1648 efficiatur
1563 1616 1726 1648 sententia
1752 1616 1929 1647 universa‘.
1969 1615 2030 1645 His

327 1681 370 1710 ad
396 1680 499 1710 libelli
537 1681 590 1714 ,de
615 1681 790 1721 republica
825 1681 1094 1712 Atheniensium*
1129 1681 1264 1717 initium„
1299 1681 1387 1710 unde
1425 1680 1569 1719 profecti
1602 1690 1727 1713 sumus,
1763 1678 2030 1709 accommodatis

331 1743 416 1773 duas
435 1743 596 1773 orationis
616 1752 731 1783 partes
757 1744 865 1773 dirimi
879 1755 896 1774 a
916 1744 1082 1784 scriptore
1098 1754 1282 1776 censemus,
1302 1754 1365 1773 non
1381 1753 1449 1783 quo
1468 1750 1652 1773 tractentur
1665 1741 1772 1772 altera
1791 1749 1870 1781 post
1890 1741 2031 1772 alteram

332 1806 419 1836 inter
443 1817 480 1836 se
514 1806 712 1846 diremptae.
743 1807 803 1836 sed
829 1814 863 1836 ut
897 1807 1005 1836 inesse
1037 1806 1066 1836 in
1093 1806 1248 1836 continua
1279 1806 1334 1836 illa
1364 1816 1497 1845 unaque
1529 1815 1618 1844 quae
1646 1804 1876 1843 subsequatur
1911 1804 1954 1834 de
1982 1814 2031 1833 re-

329 1868 465 1908 publica
492 1879 553 1908 per
578 1869 742 1908 populum
763 1870 848 1899 bene
873 1869 1105 1899 administrata
1123 1869 1416 1910 argumentatione
1441 1868 1509 1897 duo
1534 1867 1699 1897 rationum
1725 1877 1861 1907 genera,
1885 1876 2029 1906 quorum

329 1931 472 1961 alterum
498 1932 540 1961 ad
567 1932 834 1962 conservandam
860 1931 914 1962 vel
947 1932 1144 1962 firmandam
1175 1930 1416 1961 democratiam
1449 1937 1591 1969 spectet,
1622 1929 1765 1959 alterum
1794 1928 1957 1959 sententia
1985 1928 2030 1959 la·

330 1994 414 2023 tiore
440 1994 575 2024 omnino
601 1994 686 2024 bene
713 2005 780 2024 rem
806 2006 927 2035 gerere
953 1994 1120 2035 populum
1147 2005 1206 2024 nec
1232 1993 1299 2023 ulla
1325 1993 1444 2023 mereri
1472 1991 1640 2032 vituperia
1670 1991 1837 2021 ostendat.
1890 1991 1931 2021 Et
1961 2001 2029 2021 om-

331 2056 405 2086 nino
441 2065 547 2086 totum
582 2057 747 2087 rationum
783 2057 934 2087 ordinem
960 2056 1049 2097 (solo
1084 2065 1232 2096 excepto
1258 2055 1362 2086 libelli
1398 2055 1463 2085 fine
1488 2055 1529 2084 ΙΙΙ
1560 2064 1594 2084 12
1622 2062 1653 2084 et
1687 2053 1964 2093 interpretatione
1999 2060 2030 2083 et

330 2119 563 2149 emendatione
588 2128 623 2149 ut
650 2128 808 2159 putamus
833 2119 988 2159 sanabili)
1023 2128 1103 2159 apte
1128 2119 1317 2159 procedere
1343 2129 1417 2148 cum
1443 2127 1573 2147 summa
1597 2125 1773 2146 acutorum
1808 2116 2029 2156 interpretum

328 2182 534 2211 dissension:
560 2183 787 2214 adfirmamus.
814 2183 874 2212 sed
901 2183 1024 2222 pedem
1050 2182 1197 2212 sistimus
1223 2181 1301 2221 quia
1328 2188 1440 2210 tantae
1471 2180 1631 2210 materiae
1657 2190 1724 2218 qua
1755 2178 1950 2209 conveniret
1975 2188 2028 2209 co-

328 2244 383 2284 pia
409 2245 668 2284 persequendae
694 2253 725 2275 et
752 2245 856 2275 otium
882 2255 965 2275 nunc
992 2245 1127 2284 quidem
1153 2244 1249 2274 deest
1276 2252 1306 2273 et
1333 2243 1502 2273 voluntas*

488 2326 641 2356 Decurso
671 2326 783 2365 spatio
813 2325 843 2355 in
873 2325 948 2365 ipso
978 2325 1169 2365 scriptionis
1200 2324 1293 2354 exitu
1324 2323 1474 2364 graviter
1501 2333 1562 2352 nos
1587 2321 1793 2352 commoveri
1820 2321 2027 2361 profitemur.

329 2388 419 2425 Quid
445 2388 547 2418 enim?
580 2388 707 2428 Ingrati
740 2388 930 2418 videbimur
962 2388 1044 2418 vitio
1075 2388 1222 2417 humano
1255 2395 1285 2417 et
1311 2387 1340 2416 in
1373 2386 1454 2416 artis
1479 2393 1614 2415 nostrae
1643 2385 1765 2414 heroes
1790 2394 1909 2424 parum
1934 2394 2028 2413 vere-

329 2450 442 2480 cundi!
469 2450 548 2490 Age
574 2461 662 2490 quae
693 2459 807 2481 nostra
837 2450 878 2480 sit
908 2450 1005 2480 animi
1038 2450 1202 2480 sententia
1235 2457 1268 2479 ut
1299 2448 1447 2479 solemus
1478 2447 1568 2477 nullo
1599 2446 1748 2477 deterriti
1779 2446 1912 2486 pudore
1942 2445 2027 2475 salso

330 2513 571 2552 exprimamus.
625 2513 675 2542 De
700 2513 902 2552 scriptorum
934 2512 1145 2542 Graecorum
1176 2511 1306 2552 origine
1336 2519 1367 2540 et
1394 2509 1639 2549 compositione
1671 2516 1762 2539 tanta
1786 2518 1853 2548 qua
1878 2506 2028 2547 postula-

328 2584 419 2605 retur
445 2575 660 2605 accuratione
685 2586 759 2605 cum
786 2584 861 2604 sero
892 2574 1007 2614 quaeri
1034 2582 1192 2613 coeptum
1219 2581 1321 2607 esset,
1349 2573 1377 2602 in
1403 2572 1467 2602 boc
1492 2571 1677 2602 litterarum
1702 2581 1827 2611 genere
1852 2569 2028 2599 neminem-

329 2639 407 2668 dum
441 2637 651 2677 praestitisse
683 2637 814 2667 Adolso
853 2636 1064 2666 Kirchhoffio
1099 2636 1243 2666 clariora
1280 2634 1524 2664 contendimus:
1559 2632 1744 2672 praeminet
1776 2631 1832 2661 ille
1866 2638 1960 2661 certo
1995 2638 2026 2660 et

328 2700 454 2730 invicto
471 2700 594 2730 iudicio
612 2710 650 2730 ac
669 2700 808 2739 propria
827 2699 1070 2739 perspicuitate
1087 2698 1256 2729 scribendi
1275 2697 1411 2727 excellit
1430 2705 1461 2726 et
1480 2696 1550 2726 acie
1568 2694 1766 2725 admirabili.
1792 2692 2024 2727 Aemulemur,
