2195 2938
1172 229 1193 261 4

903 335 938 375 2)
974 333 1192 366 PRIVATIM
1228 333 1455 366 DOCENTIS.

856 424 955 453 lev.
982 424 1042 453 DR.
1070 424 1108 454 R.
1135 423 1308 459 MEDEM,
1335 434 1416 453 Ρκιν.
1444 434 1516 453 noc.

495 503 655 533 Privatim
681 503 819 533 docebit
849 503 878 543 1)
904 513 1136 542 processum
1162 502 1404 532 criminalem
1431 511 1481 532 ter
1499 513 1531 542 p.
1550 503 1580 532 h.
1599 503 1670 533 hor.
1698 504 1751 539 111;
1794 504 1825 543 2)
1851 504 1912 533 ius
1937 514 2030 544 gen-

342 566 435 595 tium
468 573 519 595 ter
549 576 581 605 p.
612 566 642 595 h.
679 565 750 595 hor.
784 566 842 602 1V;
900 565 932 605 3)
969 564 1315 595 conversatorium
1347 573 1383 594 et
1421 565 1641 604 practicum
1678 565 1774 595 iuris
1811 564 2029 597 criminalis

338 627 477 657 habebit
504 627 553 657 bis
579 638 610 667 p.
638 627 668 657 h.

746 872 830 926 ΙΙΙ.
905 873 1180 928 SOHOLAE
1236 875 1613 929 MEDIOORUM.

807 997 839 1037 Ι)
864 998 1184 1031 PROFESSORUI
1209 998 1566 1031 ORDINARIORPM.

838 1105 900 1134 Da.
927 1105 967 1134 H.
994 1105 1268 1141 HELFERICH,
1296 1117 1321 1136 Ρ.
1348 1117 1374 1136 Ρ.
1401 1118 1430 1136 o.
1457 1118 1528 1137 mic.

497 1182 522 1222 Ι)
548 1183 685 1213 Publice
720 1184 1022 1224 disputationes
1056 1185 1312 1227 chirurgicas
1344 1186 1491 1216 instituet
1525 1187 1578 1216 die
1609 1187 1707 1217 Mart.
1740 1187 1811 1217 hor.
1844 1188 1900 1218 vl.
1925 1206 1967 1209 —
1993 1188 2033 1228 ΙΙ)

338 1245 496 1274 Privatim
535 1244 564 1284 1)
597 1246 915 1277 exercitationes
949 1246 1116 1277 clinicas
1151 1256 1188 1277 et
1224 1248 1479 1287 policlinicas
1514 1249 1766 1290 chirurgicas
1800 1250 2032 1281 moderabitur

338 1306 426 1335 dieb.
462 1306 543 1336 Lun.
570 1307 666 1337 Mart.
694 1308 763 1338 Iov.
790 1308 873 1338 Ven.
910 1309 985 1339 inde
1019 1310 1063 1339 ab
1097 1309 1168 1339 hor.
1195 1309 1228 1339 X
1264 1318 1295 1340 et
1330 1310 1454 1346 dimid..
1490 1310 1627 1350 reliquis
1660 1311 1780 1342 diebus
1812 1312 1855 1342 ab
1885 1312 1957 1342 hor.
1983 1312 2032 1342 XI

342 1379 450 1408 usque
475 1369 517 1398 ad
543 1369 614 1399 hor.
641 1369 719 1404 XII:
747 1370 778 1409 2)
805 1371 847 1400 de
884 1371 1073 1412 chirurgica
1110 1372 1259 1412 generali
1294 1372 1435 1402 disseret
1469 1372 1695 1412 adjuncturus
1731 1374 2034 1405 demonstrationes

339 1430 833 1471 chirurgico-propaedeuticas
858 1433 947 1463 dieb.
974 1433 1056 1463 Lun.
1082 1434 1178 1464 Mart.
1205 1434 1275 1464 Iov.
1302 1435 1385 1465 Ven.
1412 1435 1484 1465 hor.
1510 1435 1565 1466 IV.

857 1548 919 1578 DR.
946 1549 986 1578 H.
1014 1548 1050 1578 C.
1076 1548 1119 1578 A.
1146 1549 1350 1585 PERMCE,
1376 1561 1402 1580 P.
1430 1561 1455 1580 P.
1482 1561 1511 1580 o.

498 1626 524 1665 Ι)
550 1626 686 1656 Publice
712 1628 940 1658 morborum
964 1628 1168 1658 mulierum
1195 1638 1294 1669 part.
1321 1631 1342 1659 Ι.
1369 1631 1478 1660 tradet
1505 1631 1559 1660 (lie
1586 1630 1666 1660 Lun.
1693 1631 1765 1661 hor.
1784 1631 1949 1671 1V.—H)
1968 1632 2033 1662 Pri-

339 1688 441 1717 vatim
482 1688 510 1727 1)
537 1689 855 1719 exercitationes
890 1690 1053 1721 clinicas
1087 1700 1121 1721 et
1156 1691 1411 1730 policlinicas
1445 1693 1659 1733 gynaecol.
1686 1694 1917 1723 moderabitur
1943 1694 2031 1723 dieb.

339 1749 421 1779 Lun.
456 1750 558 1779 Merc.
592 1750 662 1793 Sat.
697 1751 769 1780 hor.
805 1751 878 1787 XII,
915 1760 1016 1782 ceter.
1052 1753 1140 1783 dieb.
1177 1754 1249 1784 hor.
1282 1755 1370 1789 Vllh
1414 1755 1445 1793 2)
1476 1756 1739 1794 operationes
1769 1756 2033 1786 obstetricias

338 1812 495 1842 tractabit
521 1812 739 1843 adiuncturus
765 1814 1084 1845 exercitationes
1116 1815 1150 1845 in
1183 1817 1442 1855 phantomate
1473 1818 1560 1847 dieb.
1587 1818 1684 1848 Mart.
1711 1827 1743 1848 et
1768 1819 1852 1849 Yen.
1879 1819 1950 1849 hor.
1976 1819 2032 1849 IV.

904 1929 966 1958 DR.
993 1929 1029 1958 C.
1056 1929 1092 1959 F.
1118 1930 1316 1963 MOSLER.
1344 1942 1369 1961 P.
1396 1943 1422 1962 P.
1449 1944 1468 1959 ι)

501 2006 530 2045 1)
556 2006 694 2037 Publice
718 2007 938 2038 relationes
963 2009 1222 2048 policlinicas
1248 2012 1480 2042 moderabitur
1505 2012 1559 2042 die
1584 2013 1653 2043 Iov.
1681 2013 1752 2043 hor.
1779 2013 1891 2043 VL—
1909 2013 1949 2053 ΙΙ)
1967 2014 2032 2044 Pri-

339 2067 440 2097 vatim
472 2067 499 2107 1)
526 2069 572 2098 de
598 2069 852 2109 (liagnostice
878 2070 1048 2110 physica
1073 2083 1137 2102 una
1163 2083 1237 2102 cum
1263 2073 1319 2102 Dr.
1340 2073 1484 2113 Peiper
1501 2082 1581 2115 aget
1600 2082 1719 2114 quater
1737 2085 1768 2114 p.
1788 2075 1833 2111 h.;
1861 2075 1893 2115 2)
1919 2086 2032 2106 exer-

339 2129 554 2160 citationes
580 2130 745 2161 clinicas
778 2140 813 2161 et
850 2133 1106 2171 policlinicas
1139 2135 1313 2165 medicas
1347 2136 1579 2166 moderabitur
1611 2137 1699 2166 dieb.
1731 2136 1812 2167 Lun.
1839 2138 1935 2168 Mart.
1961 2138 2031 2168 Iov.

338 2191 421 2221 Ven.
456 2192 531 2222 inde
565 2193 608 2222 ab
643 2193 713 2222 hor.
749 2193 797 2223 IX
833 2205 940 2233 usque
974 2196 1017 2225 ad
1052 2196 1123 2226 hor.
1158 2196 1193 2226 X
1226 2205 1257 2227 et
1292 2197 1416 2233 dimid„
1450 2198 1588 2238 reliquis
1618 2199 1706 2228 dieb.
1732 2199 1808 2229 inde
1833 2200 1876 2229 ab
1902 2200 1974 2230 hor.
1997 2199 2032 2230 X

340 2264 447 2292 usque
472 2254 515 2283 ad
540 2254 611 2284 hor.
638 2254 696 2284 XI.

920 2346 982 2375 DR.
1009 2345 1045 2376 L.
1072 2346 1286 2382 LANDOIS,
1313 2359 1338 2377 P.
1366 2359 1391 2378 P.
1419 2359 1447 2378 Ο.

498 2423 522 2462 Ι)
560 2423 697 2454 Publice
735 2425 1056 2456 exercitationes
1097 2435 1133 2456 et
1175 2427 1488 2469 physiologicas
1527 2437 1565 2458 et
1605 2429 1877 2470 histologicas
1914 2440 2031 2460 eorum

339 2484 612 2521 commilitonum,
648 2486 704 2525 qui
737 2487 767 2516 in
801 2487 850 2516 his
884 2488 985 2518 rebus
1019 2488 1083 2517 iam
1118 2490 1226 2528 magis
1257 2490 1377 2520 eruditi
1410 2498 1495 2526 sunt,
1531 2490 1764 2521 moderabitur
1796 2492 1868 2521 hor.
1898 2492 1963 2522 def.
1989 2511 2032 2514 —

340 2547 380 2585 ΙΙ)
405 2547 563 2577 Privatim
594 2548 622 2587 1)
657 2549 953 2590 physiologiae
988 2551 1319 2590 experimentalis
1354 2560 1508 2591 partem
1545 2552 1712 2582 alteram
1745 2553 1881 2583 docebit
1907 2554 2031 2584 cotidie

339 2608 410 2638 hor.
437 2609 515 2644 XH;
558 2610 589 2649 2)
623 2611 842 2649 practicum
877 2612 1210 2652 physiologicum
1243 2614 1548 2644 demonstrationes
1577 2615 1607 2644 in
1636 2615 1786 2645 instituto
1811 2615 2030 2647 instituendas

340 2670 531 2701 adiecturus
557 2672 788 2702 moderabitur
813 2674 948 2703 sexiens
973 2674 1045 2704 hor.
1072 2675 1136 2704 des.
